% This file was created with JabRef 2.8.1.
% Encoding: Cp1252

@article{Taylor2023,
  doi = {10.1021/acscentsci.3c00050},
  year = {2023},
  month = apr,
  publisher = {American Chemical Society ({ACS})},
  author = {Connor J. Taylor and Kobi C. Felton and Daniel Wigh and Mohammed I. Jeraal and Rachel Grainger and Gianni Chessari and Christopher N. Johnson and Alexei A. Lapkin},
  title = {Accelerated Chemical Reaction Optimization Using Multi-Task Learning},
  journal = {{ACS} Central Science}
}


