@article{Hone2017,
	title        = {{Rapid multistep kinetic model generation from transient flow data}},
	author       = {Hone, Christopher A. and Holmes, Nicholas and Akien, Geoffrey R. and Bourne, Richard A. and Muller, Frans L.},
	year         = 2017,
	month        = apr,
	journal      = {React. Chem. Eng.},
	publisher    = {The Royal Society of Chemistry},
	volume       = 2,
	number       = 2,
	pages        = {103--108},
	doi          = {10.1039/C6RE00109B},
	issn         = {2058-9883},
	url          = {http://xlink.rsc.org/?DOI=C6RE00109B}
}
@article{Diorazio2016,
	title        = {{Toward a More Holistic Framework for Solvent Selection}},
	author       = {Diorazio, Louis J. and Hose, David R. J. and Adlington, Neil K.},
	year         = 2016,
	month        = apr,
	journal      = {Org. Process Res. Dev.},
	publisher    = {American Chemical Society},
	volume       = 20,
	number       = 4,
	pages        = {760--773},
	doi          = {10.1021/acs.oprd.6b00015},
	issn         = {1083-6160},
	url          = {http://pubs.acs.org/doi/10.1021/acs.oprd.6b00015}
}
@article{Constable2007,
	title        = {{Key green chemistry research areas—a perspective from pharmaceutical manufacturers}},
	author       = {Constable, David J. C. and Dunn, Peter J. and Hayler, John D. and Humphrey, Guy R. and {Leazer, Jr.}, Johnnie L. and Linderman, Russell J. and Lorenz, Kurt and Manley, Julie and Pearlman, Bruce A. and Wells, Andrew and Zaks, Aleksey and Zhang, Tony Y.},
	year         = 2007,
	month        = may,
	journal      = {Green Chem.},
	publisher    = {Royal Society of Chemistry},
	volume       = 9,
	number       = 5,
	pages        = {411--420},
	doi          = {10.1039/B703488C},
	issn         = {1463-9262},
	url          = {http://xlink.rsc.org/?DOI=B703488C}
}
@article{Henderson2011,
	title        = {{Expanding GSK's solvent selection guide – embedding sustainability into solvent selection starting at medicinal chemistry}},
	author       = {Henderson, Richard K. and Jim{\'{e}}nez-Gonz{\'{a}}lez, Concepci{\'{o}}n and Constable, David J. C. and Alston, Sarah R. and Inglis, Graham G. A. and Fisher, Gail and Sherwood, James and Binks, Steve P. and Curzons, Alan D.},
	year         = 2011,
	month        = apr,
	journal      = {Green Chem.},
	publisher    = {The Royal Society of Chemistry},
	volume       = 13,
	number       = 4,
	pages        = 854,
	doi          = {10.1039/c0gc00918k},
	issn         = {1463-9262},
	url          = {http://xlink.rsc.org/?DOI=c0gc00918k}
}
@article{Murray2013,
	title        = {{Beyond the Numbers: Charting Chemical Reaction Space}},
	author       = {Murray, Paul M. and Tyler, Simon N. G. and Moseley, Jonathan D.},
	year         = 2013,
	month        = jan,
	journal      = {Org. Process Res. Dev.},
	publisher    = {American Chemical Society},
	volume       = 17,
	number       = 1,
	pages        = {40--46},
	doi          = {10.1021/op300275p},
	issn         = {1083-6160},
	url          = {http://pubs.acs.org/doi/10.1021/op300275p}
}
@article{Perera2018,
	title        = {{A platform for automated nanomole-scale reaction screening and micromole-scale synthesis in flow}},
	author       = {Perera, Damith and Tucker, Joseph W and Brahmbhatt, Shalini and Helal, Christopher J and Chong, Ashley and Farrell, William and Richardson, Paul and Sach, Neal W},
	year         = 2018,
	month        = jan,
	journal      = {Science},
	publisher    = {American Association for the Advancement of Science},
	volume       = 359,
	number       = 6374,
	pages        = {429--434},
	doi          = {10.1126/science.aap9112},
	issn         = {0036-8075},
	url          = {http://www.sciencemag.org/lookup/doi/10.1126/science.aap9112},
	pmid         = 29371464
}
@article{Shevlin2017,
	title        = {{Practical High-Throughput Experimentation for Chemists}},
	author       = {Shevlin, Michael},
	year         = 2017,
	month        = jun,
	journal      = {ACS Med. Chem. Lett.},
	publisher    = {American Chemical Society},
	volume       = 8,
	number       = 6,
	pages        = {601--607},
	doi          = {10.1021/acsmedchemlett.7b00165},
	issn         = {1948-5875},
	url          = {http://pubs.acs.org/doi/10.1021/acsmedchemlett.7b00165},
	keywords     = {High,throughput experimentation}
}
@article{Mennen2019,
	title        = {{The Evolution of High-Throughput Experimentation in Pharmaceutical Development and Perspectives on the Future}},
	author       = {Mennen, Steven M. and Alhambra, Carolina and Allen, C. Liana and Barberis, Mario and Berritt, Simon and Brandt, Thomas A. and Campbell, Andrew D. and Casta{\~{n}}{\'{o}}n, Jes{\'{u}}s and Cherney, Alan H. and Christensen, Melodie and Damon, David B. and {Eugenio De Diego}, J. and Garc{\'{i}}a-Cerrada, Susana and Garc{\'{i}}a-Losada, Pablo and Haro, Rub{\'{e}}n and Janey, Jacob and Leitch, David C. and Li, Ling and Liu, Fangfang and Lobben, Paul C. and Macmillan, David W.C. and Magano, Javier and McInturff, Emma and Monfette, Sebastien and Post, Ronald J. and Schultz, Danielle and Sitter, Barbara J. and Stevens, Jason M. and Strambeanu, Iulia I. and Twilton, Jack and Wang, Ke and Zajac, Matthew A.},
	year         = 2019,
	month        = jun,
	journal      = {Org. Process Res. Dev.},
	publisher    = {American Chemical Society},
	volume       = 23,
	number       = 6,
	pages        = {1213--1242},
	doi          = {10.1021/acs.oprd.9b00140},
	issn         = {1520586X},
	keywords     = {automation,catalysis,high-throughput experimentation,screening}
}
@article{Echtermeyer2017,
	title        = {{Self-optimisation and model-based design of experiments for developing a C-H activation flow process.}},
	author       = {Echtermeyer, Alexander and Amar, Yehia and Zakrzewski, Jacek and Lapkin, Alexei},
	year         = 2017,
	journal      = {Beilstein J. Org. Chem.},
	publisher    = {Beilstein-Institut},
	volume       = 13,
	pages        = {150--163},
	doi          = {10.3762/bjoc.13.18},
	issn         = {1860-5397},
	url          = {https://www.beilstein-journals.org/bjoc/articles/13/18},
	keywords     = {C–H activation,automated reaction system,design of experiments,flow chemistry,process modelling,self-optimisation},
	pmid         = 28228856
}
@book{Carlson2005b,
	title        = {{Design and Optimization in Organic Synthesis}},
	author       = {Carlson, Rolf and Carlson, Johan E.},
	year         = 2005,
	publisher    = {Elsevier B.V.},
	address      = {Amsterdam},
	isbn         = {0-444-51527-5},
	edition      = 2,
	keywords     = {Carlson2005b}
}
@article{Reizman2016a,
	title        = {{Feedback in Flow for Accelerated Reaction Development}},
	author       = {Reizman, Brandon J. and Jensen, Klavs F.},
	year         = 2016,
	month        = sep,
	journal      = {Acc. Chem. Res.},
	publisher    = {American Chemical Society},
	volume       = 49,
	number       = 9,
	pages        = {1786--1796},
	doi          = {10.1021/acs.accounts.6b00261},
	issn         = 15204898,
	url          = {http://pubs.acs.org/doi/10.1021/acs.accounts.6b00261},
	pmid         = 27525813
}
@article{Reizman2016b,
	title        = {Suzuki-Miyaura cross-coupling optimization enabled by automated feedback},
	author       = {Reizman, Brandon J. and Wang, Yi-Ming and Buchwald, Stephen L. and Jensen, Klavs F.},
	year         = 2016,
	journal      = {React. Chem. Eng.},
	volume       = 1,
	number       = 6,
	pages        = {658--666},
	doi          = {10.1039/c6re00153j},
	issn         = {2058-9883}
}
@article{Fitzpatrick2016,
	title        = {{A Novel Internet-Based Reaction Monitoring, Control and Autonomous Self-Optimization Platform for Chemical Synthesis}},
	author       = {Fitzpatrick, Daniel E. and Battilocchio, Claudio and Ley, Steven V.},
	year         = 2016,
	month        = feb,
	journal      = {Org. Process Res. Dev.},
	publisher    = {American Chemical Society},
	volume       = 20,
	number       = 2,
	pages        = {386--394},
	doi          = {10.1021/acs.oprd.5b00313},
	issn         = {1083-6160},
	url          = {http://pubs.acs.org/doi/10.1021/acs.oprd.5b00313}
}
@article{Schweidtmann2018,
	title        = {{Machine learning meets continuous flow chemistry: Automated optimization towards the Pareto front of multiple objectives}},
	author       = {Schweidtmann, Artur M. and Clayton, Adam D. and Holmes, Nicholas and Bradford, Eric and Bourne, Richard A. and Lapkin, Alexei A.},
	year         = 2018,
	month        = nov,
	journal      = {Chem. Eng. J.},
	publisher    = {Elsevier},
	volume       = 352,
	pages        = {277--282},
	doi          = {10.1016/J.CEJ.2018.07.031},
	issn         = {1385-8947},
	url          = {https://www.sciencedirect.com/science/article/pii/S1385894718312634}
}
@article{Amar2019,
	title        = {{Machine learning and molecular descriptors enable rational solvent selection in asymmetric catalysis}},
	author       = {Amar, Yehia and Schweidtmann, Artur M. and Deutsch, Paul and Cao, Liwei and Lapkin, Alexei},
	year         = 2019,
	journal      = {Chem. Sci.},
	publisher    = {The Royal Society of Chemistry},
	doi          = {10.1039/C9SC01844A},
	issn         = {2041-6520},
	url          = {http://xlink.rsc.org/?DOI=C9SC01844A}
}
@article{Mateos2019,
	title        = {{Automated platforms for reaction self-optimization in flow}},
	author       = {Mateos, Carlos and Nieves-Remacha, Mar{\'{i}}a Jos{\'{e}} and Rinc{\'{o}}n, Juan A.},
	year         = 2019,
	journal      = {React. Chem. Eng.},
	publisher    = {The Royal Society of Chemistry},
	doi          = {10.1039/C9RE00116F},
	issn         = {2058-9883},
	url          = {http://xlink.rsc.org/?DOI=C9RE00116F}
}
@article{McMullen2010a,
	title        = {{An Automated Microfluidic System for Online Optimization in Chemical Synthesis}},
	author       = {McMullen, Jonathan P and Jensen, Klavs F},
	year         = 2010,
	journal      = {Org. Process Res. Dev.},
	volume       = 14,
	number       = {V},
	pages        = {1169--1176},
	doi          = {10.1021/op100123e},
	isbn         = 1617258822,
	issn         = {1083-6160},
	url          = {http://pubs.acs.org/doi/abs/10.1021/op100123e}
}
@article{McMullen2010b,
	title        = {An integrated microreactor system for self-optimization of a Heck reaction: from micro- to mesoscale flow systems},
	author       = {McMullen, Jonathan P. and Stone, Matthew T. and Buchwald, Stephen L. and Jensen, Klavs F.},
	year         = 2010,
	journal      = {Angew. Chem., Int. Ed. Engl.},
	volume       = 49,
	number       = 39,
	pages        = {7076--7080},
	doi          = {10.1002/anie.201002590},
	keywords     = {Automation;Carbon/chemistry;Fluorobenzenes/chemistry;Furans/chemistry;Microfluidic Analytical Techniques/instrumentation/methods;Miniaturization;Palladium/chemistry}
}
@article{McMullen2011,
	title        = {{Rapid Determination of Reaction Kinetics with an Automated Microfluidic System}},
	author       = {McMullen, Jonathan P. and Jensen, Klavs F.},
	year         = 2011,
	month        = mar,
	journal      = {Org. Process Res. Dev.},
	publisher    = {American Chemical Society},
	volume       = 15,
	number       = 2,
	pages        = {398--407},
	doi          = {10.1021/op100300p},
	issn         = {1083-6160},
	url          = {http://pubs.acs.org/doi/abs/10.1021/op100300p}
}
@article{Bourne2011,
	title        = {{Adaptive Process Optimization for Continuous Methylation of Alcohols in Supercritical Carbon Dioxide}},
	author       = {Bourne, Richard A. and Skilton, Ryan A. and Parrott, Andrew J. and Irvine, Derek J. and Poliakoff, Martyn},
	year         = 2011,
	month        = jul,
	journal      = {Org. Process Res. Dev.},
	publisher    = {American Chemical Society},
	volume       = 15,
	number       = 4,
	pages        = {932--938},
	doi          = {10.1021/op200109t},
	issn         = {1083-6160},
	url          = {http://pubs.acs.org/doi/abs/10.1021/op200109t}
}
@article{Moore2012,
	title        = {{Automated Multitrajectory Method for Reaction Optimization in a Microfluidic System using Online IR Analysis}},
	author       = {Moore, Jason S. and Jensen, Klavs F.},
	year         = 2012,
	month        = aug,
	journal      = {Org. Process Res. Dev.},
	publisher    = {American Chemical Society},
	volume       = 16,
	number       = 8,
	pages        = {1409--1415},
	doi          = {10.1021/op300099x},
	issn         = {1083-6160},
	url          = {http://pubs.acs.org/doi/10.1021/op300099x}
}
@article{Baumgartner2018,
	title        = {{Optimum catalyst selection over continuous and discrete process variables with a single droplet microfluidic reaction platform}},
	author       = {Baumgartner, Lorenz M. and Coley, Connor W. and Reizman, Brandon J. and Gao, Kevin W. and Jensen, Klavs F.},
	year         = 2018,
	month        = jun,
	journal      = {React. Chem. Eng.},
	publisher    = {Royal Society of Chemistry},
	volume       = 3,
	number       = 3,
	pages        = {301--311},
	doi          = {10.1039/C8RE00032H},
	issn         = {2058-9883},
	url          = {http://xlink.rsc.org/?DOI=C8RE00032H}
}
@article{Hsieh2018,
	title        = {{Photoredox Iridium-Nickel Dual-Catalyzed Decarboxylative Arylation Cross-Coupling: From Batch to Continuous Flow via Self-Optimizing Segmented Flow Reactor}},
	author       = {Hsieh, Hsiao Wu and Coley, Connor W. and Baumgartner, Lorenz M. and Jensen, Klavs F. and Robinson, Richard I.},
	year         = 2018,
	month        = apr,
	journal      = {Org. Process Res. Dev.},
	publisher    = {American Chemical Society},
	volume       = 22,
	number       = 4,
	pages        = {542--550},
	doi          = {10.1021/acs.oprd.8b00018},
	issn         = {1520586X},
	url          = {http://pubs.acs.org/doi/10.1021/acs.oprd.8b00018}
}
@article{Krishnadasan2007,
	title        = {{Intelligent routes to the controlled synthesis of nanoparticles}},
	author       = {Krishnadasan, S. and Brown, R. J. C. and DeMello, A. J. and DeMello, J. C.},
	year         = 2007,
	month        = oct,
	journal      = {Lab Chip},
	publisher    = {The Royal Society of Chemistry},
	volume       = 7,
	number       = 11,
	pages        = 1434,
	doi          = {10.1039/b711412e},
	issn         = {1473-0197},
	url          = {http://xlink.rsc.org/?DOI=b711412e}
}
@article{Jeraal2018,
	title        = {{Enhanced process development using automated continuous reactors by self-optimisation algorithms and statistical empirical modelling}},
	author       = {Jeraal, Mohammed I. and Holmes, Nicholas and Akien, Geoffrey R. and Bourne, Richard A.},
	year         = 2018,
	month        = jun,
	journal      = {Tetrahedron},
	publisher    = {Pergamon},
	volume       = 74,
	number       = 25,
	pages        = {3158--3164},
	doi          = {10.1016/J.TET.2018.02.061},
	issn         = {0040-4020},
	url          = {https://www.sciencedirect.com/science/article/pii/S0040402018302217}
}
@phdthesis{Reizman2015b,
	title        = {{Automated Feedback in Flow for Accelerated Reaction Screening, Optimization, and Kinetic Parameter Estimation}},
	author       = {Reizman, Brandon J.},
	year         = 2015,
	number       = 2009,
	school       = {MIT}
}
@article{Bradford2018,
	title        = {{Efficient multiobjective optimization employing Gaussian processes, spectral sampling and a genetic algorithm}},
	author       = {Bradford, Eric and Schweidtmann, Artur M. and Lapkin, Alexei},
	year         = 2018,
	month        = jun,
	journal      = {J. Glob. Optim.},
	publisher    = {Springer US},
	volume       = 71,
	number       = 2,
	pages        = {407--438},
	doi          = {10.1007/s10898-018-0609-2},
	issn         = {0925-5001},
	url          = {http://link.springer.com/10.1007/s10898-018-0609-2}
}
@article{Reizman2015a,
	title        = {{Simultaneous solvent screening and reaction optimization in microliter slugs}},
	author       = {Reizman, Brandon J. and Jensen, Klavs F.},
	year         = 2015,
	journal      = {Chem. Comm.},
	volume       = 51,
	number       = 68,
	pages        = {13290--13293},
	doi          = {10.1039/C5CC03651H},
	isbn         = 9781510812529,
	issn         = {1359-7345},
	url          = {http://xlink.rsc.org/?DOI=C5CC03651H},
	archiveprefix = {arXiv},
	arxivid      = {arXiv:1011.1669v3},
	eprint       = {arXiv:1011.1669v3},
	pmid         = 26201048
}
@article{Holmes2016a,
	title        = {{Online quantitative mass spectrometry for the rapid adaptive optimisation of automated flow reactors}},
	author       = {Holmes, Nicholas and Akien, Geoffrey R. and Savage, Robert J. D. and Stanetty, Christian and Baxendale, Ian R. and Blacker, A. John and Taylor, Brian A. and Woodward, Robert L. and Meadows, Rebecca E. and Bourne, Richard A.},
	year         = 2016,
	month        = feb,
	journal      = {React. Chem. Eng.},
	publisher    = {The Royal Society of Chemistry},
	volume       = 1,
	number       = 1,
	pages        = {96--100},
	doi          = {10.1039/C5RE00083A},
	issn         = {2058-9883},
	url          = {http://xlink.rsc.org/?DOI=C5RE00083A}
}
@article{Parrott2011,
	title        = {Self-optimizing continuous reactions in supercritical carbon dioxide},
	author       = {Parrott, Andrew J. and Bourne, Richard A. and Akien, Geoffrey R. and Irvine, Derek J. and Poliakoff, Martyn},
	year         = 2011,
	journal      = {Angew. Chem., Int. Ed. Engl.},
	volume       = 50,
	number       = 16,
	pages        = {3788--3792},
	doi          = {10.1002/anie.201100412},
	keywords     = {Algorithms;Alkylation;Carbon Dioxide/chemistry;Catalysis}
}
@article{Sans2015,
	title        = {{A self optimizing synthetic organic reactor system using real-time in-line NMR spectroscopy}},
	author       = {Sans, Victor and Porwol, Luzian and Dragone, Vincenza and Cronin, Leroy},
	year         = 2015,
	month        = jan,
	journal      = {Chem. Sci.},
	publisher    = {The Royal Society of Chemistry},
	volume       = 6,
	number       = 2,
	pages        = {1258--1264},
	doi          = {10.1039/C4SC03075C},
	issn         = {2041-6520},
	url          = {http://xlink.rsc.org/?DOI=C4SC03075C}
}
@article{CortesBorda2016,
	title        = {Optimizing the Heck--Matsuda Reaction in Flow with a Constraint-Adapted Direct Search Algorithm},
	author       = {Cort{\'e}s-Borda, Daniel and Kutonova, Ksenia V. and Jamet, Corentin and Trusova, Marina E. and Zammattio, Fran{\c{c}}oise and Truchet, Charlotte and Rodriguez-Zubiri, Mireia and Felpin, Fran{\c{c}}ois-Xavier},
	year         = 2016,
	journal      = {Org. Process Res. Dev.},
	volume       = 20,
	number       = 11,
	pages        = {1979--1987},
	doi          = {10.1021/acs.oprd.6b00310},
	issn         = {1083-6160}
}
@article{Poscharny2018,
	title        = {Machine assisted reaction optimization: A self-optimizing reactor system for continuous-flow photochemical reactions},
	author       = {Poscharny, K. and Fabry, D. C. and Heddrich, S. and Sugiono, E. and Liauw, M. A. and Rueping, M.},
	year         = 2018,
	journal      = {Tetrahedron},
	volume       = 74,
	number       = 25,
	pages        = {3171--3175},
	doi          = {10.1016/j.tet.2018.04.019},
	issn         = {00404020}
}
@article{Holmes2016b,
	title        = {Self-optimisation of the final stage in the synthesis of EGFR kinase inhibitor AZD9291 using an automated flow reactor},
	author       = {Holmes, Nicholas and Akien, Geoffrey R. and Blacker, A. John and Woodward, Robert L. and Meadows, Rebecca E. and Bourne, Richard A.},
	year         = 2016,
	journal      = {React. Chem. Eng.},
	volume       = 1,
	number       = 4,
	pages        = {366--371},
	doi          = {10.1039/C6RE00059B}
}
@article{Bedard2018,
	title        = {Reconfigurable system for automated optimization of diverse chemical reactions},
	author       = {B{\'e}dard, Anne-Catherine and Adamo, Andrea and Aroh, Kosi C. and Russell, M. Grace and Bedermann, Aaron A. and Torosian, Jeremy and Yue, Brian and Jensen, Klavs F. and Jamison, Timothy F.},
	year         = 2018,
	journal      = {Science},
	volume       = 361,
	number       = 6408,
	pages        = {1220--1225},
	doi          = {10.1126/science.aat0650}
}
@article{Cherkasov2018,
	title        = {OpenFlowChem -- a platform for quick, robust and flexible automation and self-optimisation of flow chemistry},
	author       = {Cherkasov, Nikolay and Bai, Yang and Exp{\'o}sito, Antonio Jos{\'e} and Rebrov, Evgeny V.},
	year         = 2018,
	journal      = {React. Chem. Eng.},
	volume       = 3,
	number       = 5,
	pages        = {769--780},
	doi          = {10.1039/C8RE00046H}
}
@article{Clayton2019,
	title        = {Algorithms for the self-optimisation of chemical reactions},
	author       = {Clayton, Adam D. and Manson, Jamie A. and Taylor, Connor J. and Chamberlain, Thomas W. and Taylor, Brian A. and Clemens, Graeme and Bourne, Richard A.},
	year         = 2019,
	journal      = {React. Chem. Eng.},
	volume       = 4,
	number       = 9,
	pages        = {1545--1554},
	doi          = {10.1039/C9RE00209J}
}
@article{Clayton2020,
	title        = {Automated self-optimisation of multi-step reaction and separation processes using machine learning},
	author       = {Clayton, Adam D. and Schweidtmann, Artur M. and Clemens, Graeme and Manson, Jamie A. and Taylor, Connor J. and Ni{\~n}o, Carlos G. and Chamberlain, Thomas W. and Kapur, Nikil and Blacker, A. John and Lapkin, Alexei A. and Bourne, Richard A.},
	year         = 2020,
	journal      = {Chem. Eng. J.},
	volume       = 384,
	pages        = 123340,
	doi          = {10.1016/j.cej.2019.123340},
	issn         = 13858947
}
@article{Zhou2017,
	title        = {Optimizing Chemical Reactions with Deep Reinforcement Learning},
	author       = {Zhou, Zhenpeng and Li, Xiaocheng and Zare, Richard N.},
	year         = 2017,
	journal      = {ACS Cent. Sci.},
	volume       = 3,
	number       = 12,
	pages        = {1337--1344},
	doi          = {10.1021/acscentsci.7b00492},
	issn         = {2374-7943}
}
@article{Nelder1965,
	title        = {A Simplex Method for Function Minimization},
	author       = {Nelder, J. A. and Mead, R.},
	year         = 1965,
	journal      = {The Computer J.},
	volume       = 7,
	number       = 4,
	pages        = {308--313},
	doi          = {10.1093/comjnl/7.4.308},
	issn         = {0010-4620}
}
@article{Huyer2008,
	title        = {SNOBFIT -- Stable Noisy Optimization by Branch and Fit},
	author       = {Huyer, Waltraud and Neumaier, Arnold},
	year         = 2008,
	journal      = {ACM Transactions on Mathematical Software},
	volume       = 35,
	number       = 2,
	pages        = {1--25},
	doi          = {10.1145/1377612.1377613},
	issn         = {0098-3500}
}
@misc{gpyopt2016,
	title        = {{GPyOpt}: A Bayesian Optimization framework in python},
	author       = {{The GPyOpt authors}},
	year         = 2016,
	howpublished = {\url{http://github.com/SheffieldML/GPyOpt}}
}
@misc{sqsnobfit2020,
	title        = {{SQSnobFit}},
	author       = {{QAT4Chem}},
	year         = 2020,
	howpublished = {\url{https://pypi.org/project/SQSnobFit/}}
}
@article{2020SciPy-NMeth,
	title        = {{SciPy 1.0: Fundamental Algorithms for Scientific Computing in Python}},
	author       = {{Virtanen}, Pauli and {Gommers}, Ralf and {Oliphant}, Travis E. and {Haberland}, Matt and {Reddy}, Tyler and {Cournapeau}, David and {Burovski}, Evgeni and {Peterson}, Pearu and {Weckesser}, Warren and {Bright}, Jonathan and {van der Walt}, St{\'e}fan J.  and {Brett}, Matthew and {Wilson}, Joshua and {Jarrod Millman}, K.  and {Mayorov}, Nikolay and {Nelson}, Andrew R.~J. and {Jones}, Eric and {Kern}, Robert and {Larson}, Eric and {Carey}, CJ and {Polat}, {\.I}lhan and {Feng}, Yu and {Moore}, Eric W. and {Vand erPlas}, Jake and {Laxalde}, Denis and {Perktold}, Josef and {Cimrman}, Robert and {Henriksen}, Ian and {Quintero}, E.~A. and {Harris}, Charles R and {Archibald}, Anne M. and {Ribeiro}, Ant{\^o}nio H. and {Pedregosa}, Fabian and {van Mulbregt}, Paul and {Contributors}, SciPy 1. 0},
	year         = 2020,
	journal      = {Nat. Methods},
	volume       = 17,
	pages        = {261--272},
	doi          = {https://doi.org/10.1038/s41592-019-0686-2},
	adsurl       = {https://rdcu.be/b08Wh}
}
@article{Shahriari2016,
	title        = {Taking the Human Out of the Loop: A Review of Bayesian Optimization},
	author       = {B. {Shahriari} and K. {Swersky} and Z. {Wang} and R. P. {Adams} and N. {de Freitas}},
	year         = 2016,
	journal      = {Proceedings of the IEEE},
	volume       = 104,
	number       = 1,
	pages        = {148--175}
}
@article{Reid2019,
	title        = {{Holistic prediction of enantioselectivity in asymmetric catalysis}},
	author       = {Reid, Jolene P. and Sigman, Matthew S.},
	year         = 2019,
	month        = jul,
	journal      = {Nature},
	publisher    = {Springer Science and Business Media LLC},
	volume       = 571,
	number       = 7765,
	pages        = {343--348},
	doi          = {10.1038/s41586-019-1384-z},
	issn         = {0028-0836}
}
@article{Hase2018b,
	title        = {{Chimera: Enabling hierarchy based multi-objective optimization for self-driving laboratories}},
	author       = {H{\"{a}}se, Florian and Roch, Lo{\"{i}}c M. and Aspuru-Guzik, Al{\'{a}}n},
	year         = 2018,
	month        = oct,
	journal      = {Chem. Sci.},
	publisher    = {Royal Society of Chemistry},
	volume       = 9,
	number       = 39,
	pages        = {7642--7655},
	doi          = {10.1039/c8sc02239a},
	issn         = 20416539
}
@article{Hase2018a,
	title        = {{Phoenics: A Bayesian Optimizer for Chemistry}},
	author       = {H{\"{a}}se, Florian and Roch, Lo{\"{i}}c M. and Kreisbeck, Christoph and Aspuru-Guzik, Al{\'{a}}n},
	year         = 2018,
	month        = sep,
	journal      = {ACS Cent. Sci.},
	publisher    = {American Chemical Society},
	volume       = 4,
	number       = 9,
	pages        = {1134--1145},
	doi          = {10.1021/acscentsci.8b00307},
	issn         = {2374-7943},
	url          = {http://pubs.acs.org/doi/10.1021/acscentsci.8b00307}
}
@article{Russo2017,
	title        = {{Benzaldehyde nitration by mixed acid under homogeneous condition: A kinetic modeling}},
	author       = {Russo, Danilo and Onotri, Luca and Marotta, Raffaele and Andreozzi, Roberto and {Di Somma}, Ilaria},
	year         = 2017,
	month        = jan,
	journal      = {Chem. Eng. J.},
	publisher    = {Elsevier B.V.},
	volume       = 307,
	pages        = {1076--1083},
	doi          = {10.1016/j.cej.2016.09.034},
	issn         = 13858947,
	keywords     = {Kinetics,Mixed acid,Modeling,Nitration,Nitrobenzaldehyde}
}
@article{Baumgartner2019,
	title        = {{Use of a Droplet Platform to Optimize Pd-Catalyzed C-N Coupling Reactions Promoted by Organic Bases}},
	author       = {Baumgartner, Lorenz M. and Dennis, Joseph M. and White, Nicholas A. and Buchwald, Stephen L. and Jensen, Klavs F.},
	year         = 2019,
	month        = aug,
	journal      = {Org. Process Res. Dev.},
	publisher    = {American Chemical Society},
	volume       = 23,
	number       = 8,
	pages        = {1594--1601},
	doi          = {10.1021/acs.oprd.9b00236},
	issn         = {1520586X},
	keywords     = {amination,homogeneous catalysis,microfluidic optimization platform,palladium}
}
@article{Sheldon2018,
	title        = {{Metrics of Green Chemistry and Sustainability: Past, Present, and Future}},
	author       = {Sheldon, Roger A.},
	year         = 2018,
	month        = jan,
	journal      = {ACS Sustainable Chem. Eng.},
	publisher    = {American Chemical Society},
	volume       = 6,
	number       = 1,
	pages        = {32--48},
	doi          = {10.1021/acssuschemeng.7b03505},
	issn         = 21680485,
	keywords     = {Atom economy,Biobased economy,Carbon economy,Circular economy,E factor,Ethanol equivalent,Life cycle assessment,Step economy}
}
@article{Rogers2019,
	title        = {{Continuous manufacturing-the Green Chemistry promise?}},
	author       = {Rogers, Luke and Jensen, Klavs F.},
	year         = 2019,
	month        = jul,
	journal      = {Green Chem.},
	publisher    = {Royal Society of Chemistry},
	volume       = 21,
	number       = 13,
	pages        = {3481--3498},
	doi          = {10.1039/c9gc00773c},
	issn         = 14639270
}
@book{Roberts2008,
	title        = {Chemical Reactions and Chemical Reactors},
	author       = {Roberts, George},
	year         = 2008,
	publisher    = {John Wiley and Sons},
	isbn         = 9780470472651
}
@article{BuitragoSantanilla2015,
	title        = {{Nanomole-scale high-throughput chemistry for the synthesis of complex molecules}},
	author       = {{Buitrago Santanilla}, Alexander and Regalado, Erik L and Pereira, Tony and Shevlin, Michael and Bateman, Kevin and Campeau, L.-C. and Schneeweis, Jonathan and Berritt, Simon and Shi, Z.-C. and Nantermet, Philippe and Liu, Yong and Helmy, Roy and Welch, Christopher J and Vachal, Petr and Davies, Ian W and Cernak, Tim and Dreher, Spencer D},
	year         = 2015,
	month        = jan,
	journal      = {Science},
	publisher    = {American Association for the Advancement of Science},
	volume       = 347,
	number       = 6217,
	pages        = {49--53},
	doi          = {10.1126/science.1259203},
	issn         = {0036-8075},
	url          = {http://www.sciencemag.org/cgi/doi/10.1126/science.1259203},
	pmid         = 25554781
}
@article{Emiabata-Smith1999,
	title        = {{A practical approach to accelerated process screening and optimisation}},
	author       = {Emiabata-Smith, David F. and Crookes, Derek L. and Owen, Martin R.},
	year         = 1999,
	journal      = {Org. Process Res. Dev.},
	volume       = 3,
	number       = 4,
	pages        = {281--288},
	doi          = {10.1021/op990016d},
	issn         = 10836160
}
@article{Coley2019,
	title        = {{A robotic platform for flow synthesis of organic compounds informed by AI planning}},
	author       = {Coley, Connor W. and Thomas, Dale A. and Lummiss, Justin A. M. and Jaworski, Jonathan N. and Breen, Christopher P. and Schultz, Victor and Hart, Travis and Fishman, Joshua S. and Rogers, Luke and Gao, Hanyu and Hicklin, Robert W. and Plehiers, Pieter P. and Byington, Joshua and Piotti, John S. and Green, William H. and Hart, A. John and Jamison, Timothy F. and Jensen, Klavs F.},
	year         = 2019,
	month        = aug,
	journal      = {Science},
	publisher    = {American Association for the Advancement of Science (AAAS)},
	volume       = 365,
	number       = 6453,
	pages        = {eaax1566},
	doi          = {10.1126/science.aax1566},
	issn         = {0036-8075},
	url          = {https://www.sciencemag.org/lookup/doi/10.1126/science.aax1566}
}
@article{Hase2020a,
	title        = {{Gryffin: An algorithm for Bayesian optimization for categorical variables informed by physical intuition with applications to chemistry}},
	author       = {H{\"{a}}se, Florian and Roch, Lo{\"{i}}c M. and Aspuru-Guzik, Al{\'{a}}n},
	year         = 2020,
	journal      = {arXiv preprint},
	pages        = {arXiv: 2003.12127},
	arxivid      = {2003.12127}
}
@article{Hse2021,
	title        = {Olympus: a benchmarking framework for noisy optimization and experiment planning},
	author       = {Florian H\"{a}se and Matteo Aldeghi and Riley J Hickman and Loïc M Roch and Melodie Christensen and Elena Liles and Jason E Hein and Al{\'{a}}n Aspuru-Guzik},
	year         = 2021,
	month        = jul,
	journal      = {Machine Learning: Science and Technology},
	publisher    = {{IOP} Publishing},
	volume       = 2,
	number       = 3,
	pages        = {035021},
	doi          = {10.1088/2632-2153/abedc8},
	url          = {https://doi.org/10.1088/2632-2153/abedc8}
}
@article{Epps2020,
	title        = {{Artificial Chemist: An Autonomous Quantum Dot Synthesis Bot}},
	author       = {Epps, Robert W. and Bowen, Michael S. and Volk, Amanda A. and Abdel‐Latif, Kameel and Han, Suyong and Reyes, Kristofer G. and Amassian, Aram and Abolhasani, Milad},
	year         = 2020,
	month        = jun,
	journal      = {Adv. Mater.},
	publisher    = {Wiley-VCH Verlag},
	pages        = 2001626,
	doi          = {10.1002/adma.202001626},
	issn         = {0935-9648},
	url          = {https://onlinelibrary.wiley.com/doi/abs/10.1002/adma.202001626},
	keywords     = {autonomous synthesis,machine learning,microfluidics,perovskites,quantum dots}
}
@article{Deb2002,
	title        = {{A fast and elitist multiobjective genetic algorithm: NSGA-II}},
	author       = {Deb, K. and Pratap, A. and Agarwal, S. and Meyarivan, T.},
	year         = 2002,
	month        = aug,
	journal      = {IEEE Trans. Evol. Comput.},
	publisher    = {IEEE},
	volume       = 6,
	number       = 2,
	pages        = {182--197},
	doi          = {10.1109/4235.996017},
	issn         = {1941-0026}
}
@article{Zitzler2003,
	title        = {{Performance assessment of multiobjective optimizers: an analysis and review}},
	author       = {Zitzler, E. and Thiele, L. and Laumanns, M. and Fonseca, C. M. and da Fonseca, V. G.},
	year         = 2003,
	month        = may,
	journal      = {IEEE Trans. Evol. Comput.},
	publisher    = {IEEE},
	volume       = 7,
	number       = 2,
	pages        = {117--132},
	doi          = {10.1109/TEVC.2003.810758},
	issn         = {1941-0026}
}
@book{sutton2018reinforcement,
	title        = {Reinforcement learning: An introduction},
	author       = {Sutton, Richard S and Barto, Andrew G},
	year         = 2018,
	publisher    = {MIT press}
}
@article{kaelbling1996reinforcement,
	title        = {Reinforcement learning: A survey},
	author       = {Kaelbling, Leslie Pack and Littman, Michael L and Moore, Andrew W},
	year         = 1996,
	journal      = {Journal of artificial intelligence research},
	volume       = 4,
	pages        = {237--285}
}
@article{Reker2018,
	title        = {{Evolving and Nano Data Enabled Machine Intelligence for Chemical Reaction Optimization}},
	author       = {Reker, Daniel and Bernardes, Gon{\ifmmode\mbox{\c{c}}\else\c{c}\fi}alo and Rodrigues, Tiago},
	year         = 2018,
	month        = nov,
	journal      = {ChemRxiv},
	doi          = {10.26434/chemrxiv.7291205.v1}
}
@article{McKay1979,
	title        = {{A comparison of three methods for selecting values of input variables in the analysis of output from a computer code}},
	author       = {Beckman, R J and Conover, W J and McKay, M D},
	year         = 1979,
	journal      = {Technometrics},
	volume       = 21,
	number       = 1,
	pages        = {239--245},
	url          = {https://www.jstor.org/stable/pdf/1268522.pdf?refreqid=excelsior{\%}3Adb022255e9edb7612e81bc621412224d},
	keywords     = {latin hypercube}
}
@article{Zissimos2002,
	title        = {{A comparison between the two general sets of linear free energy descriptors of Abraham and Klamt}},
	author       = {Zissimos, Andreas M. and Abraham, Michael H. and Klamt, Andreas and Eckert, Frank and Wood, John},
	year         = 2002,
	month        = nov,
	journal      = {J. Chem. Inf. Comput. Sci.},
	volume       = 42,
	number       = 6,
	pages        = {1320--1331},
	doi          = {10.1021/ci025530o},
	issn         = {00952338}
}
@article{Blank2020,
	title        = {{Pymoo: Multi-Objective Optimization in Python}},
	author       = {Blank, Julian and Deb, Kalyanmoy},
	year         = 2020,
	journal      = {IEEE Access},
	publisher    = {Institute of Electrical and Electronics Engineers Inc.},
	volume       = 8,
	pages        = {89497--89509},
	doi          = {10.1109/ACCESS.2020.2990567},
	issn         = 21693536,
	archiveprefix = {arXiv},
	arxivid      = {2002.04504},
	eprint       = {2002.04504},
	keywords     = {Customization,genetic algorithm,multi-objective optimization,python}
}
@inproceedings{pandas,
	title        = {{Data Structures for Statistical Computing in Python}},
	author       = {McKinney, Wes},
	year         = 2010,
	booktitle    = {Proceedings of the 9th Python in Science Conference},
	pages        = {51--56},
	editor       = {van der Walt, St{\'{e}}fan and Millman, Jarrod}
}
@misc{tensorflow2015,
	title        = {{TensorFlow}: Large-Scale Machine Learning on Heterogeneous Systems},
	author       = {Mart\'{\i}n~Abadi and Ashish~Agarwal and Paul~Barham and Eugene~Brevdo and Zhifeng~Chen and Craig~Citro and Greg~S.~Corrado and Andy~Davis and Jeffrey~Dean and Matthieu~Devin and Sanjay~Ghemawat and Ian~Goodfellow and Andrew~Harp and Geoffrey~Irving and Michael~Isard and Yangqing Jia and Rafal~Jozefowicz and Lukasz~Kaiser and Manjunath~Kudlur and Josh~Levenberg and Dandelion~Man\'{e} and Rajat~Monga and Sherry~Moore and Derek~Murray and Chris~Olah and Mike~Schuster and Jonathon~Shlens and Benoit~Steiner and Ilya~Sutskever and Kunal~Talwar and Paul~Tucker and Vincent~Vanhoucke and Vijay~Vasudevan and Fernanda~Vi\'{e}gas and Oriol~Vinyals and Pete~Warden and Martin~Wattenberg and Martin~Wicke and Yuan~Yu and Xiaoqiang~Zheng},
	year         = 2015,
	url          = {https://www.tensorflow.org/},
	note         = {Software available from tensorflow.org}
}
@incollection{Paszke2019,
	title        = {PyTorch: An Imperative Style, High-Performance Deep Learning Library},
	author       = {Paszke, Adam and Gross, Sam and Massa, Francisco and Lerer, Adam and Bradbury, James and Chanan, Gregory and Killeen, Trevor and Lin, Zeming and Gimelshein, Natalia and Antiga, Luca and Desmaison, Alban and Kopf, Andreas and Yang, Edward and DeVito, Zachary and Raison, Martin and Tejani, Alykhan and Chilamkurthy, Sasank and Steiner, Benoit and Fang, Lu and Bai, Junjie and Chintala, Soumith},
	year         = 2019,
	booktitle    = {Advances in Neural Information Processing Systems 32},
	publisher    = {Curran Associates, Inc.},
	pages        = {8024--8035},
	url          = {http://papers.neurips.cc/paper/9015-pytorch-an-imperative-style-high-performance-deep-learning-library.pdf},
	editor       = {H. Wallach and H. Larochelle and A. Beygelzimer and F. d\textquotesingle Alch\'{e}-Buc and E. Fox and R. Garnett}
}
@misc{Esposito2020,
	title        = {BLITZ - Bayesian Layers in Torch Zoo (a Bayesian Deep Learning library for Torch)},
	author       = {Esposito, Piero},
	year         = 2020,
	journal      = {GitHub repository},
	publisher    = {GitHub},
	howpublished = {\url{https://github.com/piEsposito/blitz-bayesian-deep-learning/}}
}
@article{Loschen2012,
	title        = {{COSMO quick: A novel interface for fast $\sigma$-profile composition and its application to COSMO-RS solvent screening using multiple reference solvents}},
	author       = {Loschen, Christoph and Klamt, Andreas},
	year         = 2012,
	month        = oct,
	journal      = {Ind. Eng. Chem. Res.},
	publisher    = {American Chemical Society},
	volume       = 51,
	number       = 43,
	pages        = {14303--14308},
	doi          = {10.1021/ie3023675},
	issn         = {08885885}
}
@article{Wolpert1997,
	title        = {No free lunch theorems for optimization},
	author       = {Wolpert, D.H and Macready,W.G.},
	year         = 1997,
	journal      = {IEEE Transactions on Evolutionary Computation},
	volume       = 1,
	number       = 1,
	pages        = {67--82}
}
@article{Thompson1994,
	title        = {{Modeling chemical processes using prior knowledge and neural networks}},
	author       = {Thompson, Michael L. and Kramer, Mark A.},
	year         = 1994,
	month        = aug,
	journal      = {AIChE Journal},
	volume       = 40,
	number       = 8,
	pages        = {1328--1340},
	doi          = {10.1002/aic.690400806},
	issn         = {0001-1541},
	url          = {http://doi.wiley.com/10.1002/aic.690400806}
}
@article{Tsay2019,
	title        = {{110th Anniversary: Using Data to Bridge the Time and Length Scales of Process Systems}},
	author       = {Tsay, Calvin and Baldea, Michael},
	year         = 2019,
	month        = sep,
	journal      = {Ind. Eng. Chem. Res.},
	publisher    = {American Chemical Society},
	volume       = 58,
	number       = 36,
	pages        = {16696--16708},
	doi          = {10.1021/acs.iecr.9b02282},
	issn         = 15205045,
	url          = {https://pubs.acs.org/sharingguidelines}
}
@article{Jeraal2020,
	title        = {{A machine learning-enabled autonomous flow chemistry platform for process optimization of multiple reaction metrics}},
	author       = {Jeraal, Mohammed I. and Sung, Simon and Lapkin, Alexei A.},
	year         = {Under Review},
	journal      = {Chemistry Methods}
}
@article{Russakovsky2015,
	title        = {{ImageNet Large Scale Visual Recognition Challenge}},
	author       = {Russakovsky, Olga and Deng, Jia and Su, Hao and Krause, Jonathan and Satheesh, Sanjeev and Ma, Sean and Huang, Zhiheng and Karpathy, Andrej and Khosla, Aditya and Bernstein, Michael and Berg, Alexander C. and Fei-Fei, Li},
	year         = 2015,
	month        = dec,
	journal      = {International Journal of Computer Vision},
	publisher    = {Springer New York LLC},
	volume       = 115,
	number       = 3,
	pages        = {211--252},
	doi          = {10.1007/s11263-015-0816-y},
	issn         = 15731405,
	url          = {http://image-net.org/challenges/LSVRC/.},
	archiveprefix = {arXiv},
	arxivid      = {1409.0575},
	eprint       = {1409.0575},
	keywords     = {Benchmark,Dataset,Large-scale,Object detection,Object recognition}
}
@article{Hase2020b,
	title        = {{Olympus: a benchmarking framework for noisy optimization and experiment planning}},
	author       = {H{\"{a}}se, Florian and Aldeghi, Matteo and Hickman, Riley J and Roch, Lo{\"{i}}c M and Christensen, Melodie and Liles, Elena and Hein, Jason E and Aspuru-Guzik, Al{\'{a}}n},
	year         = 2020,
	journal      = {arXiv preprint},
	pages        = {arXiv: 2010.04153},
	arxivid      = {2010.04153}
}
@article{Felton2021,
	title        = {{Summit: Benchmarking Machine Learning Methods for Reaction Optimisation}},
	author       = {Felton, Kobi C. and Rittig, Jan G. and Lapkin, Alexei A.},
	year         = 2021,
	month        = feb,
	journal      = {Chemistry. {-}. Methods.},
	publisher    = {John Wiley {\&} Sons, Ltd},
	volume       = 1,
	number       = 2,
	pages        = {116--122},
	doi          = {10.1002/cmtd.202000051},
	issn         = {2628-9725}
}
% ------------------------------------------------------------------------
@article{Coelho2011,
	title        = {{A tuning strategy for multivariable PI and PID controllers using differential evolution combined with chaotic Zaslavskii map}},
	author       = {Coelho, Leandro Dos Santos and Pess{\^{o}}a, Marcelo Wicthoff},
	year         = 2011,
	journal      = {Expert Systems with Applications},
	doi          = {10.1016/j.eswa.2011.04.156},
	issn         = {09574174},
	keywords     = {Chaotic sequences,Differential evolution,Evolutionary algorithms,Optimization,PID tuning}
}
@book{Riggs2006,
	title        = {{Chemical and bio-process control}},
	author       = {Riggs, James B. and Karim, M. Nazmul},
	year         = 2006,
	publisher    = {Ferret},
	address      = {Austin},
	isbn         = 9780966960143,
	edition      = {4th}
}
@article{Adamo2016,
	title        = {{On-demand continuous-flow production of pharmaceuticals in a compact, reconfigurable system}},
	author       = {Adamo, Andrea and Beingessner, Rachel L. and Behnam, Mohsen and Chen, Jie and Jamison, Timothy F. and Jensen, Klavs F. and Monbaliu, Jean Christophe M. and Myerson, Allan S. and Revalor, Eve M. and Snead, David R. and Stelzer, Torsten and Weeranoppanant, Nopphon and Wong, Shin Yee and Zhang, Ping},
	year         = 2016,
	month        = apr,
	journal      = {Science},
	volume       = 352,
	number       = 6281,
	pages        = {61--67},
	doi          = {10.1126/science.aaf1337},
	issn         = 10959203,
	url          = {http://science.sciencemag.org/content/352/6281/61},
	language     = {en},
	pmid         = 27034366
}
@book{ODwyer2009a,
	title        = {{Handbook of PI and PID controller tuning rules}},
	author       = {O'Dwyer, Aidan},
	year         = 2009,
	booktitle    = {Handbook of PI and PID Controller Tuning Rules},
	doi          = {10.1142/P575},
	isbn         = 9781848162433
}
@article{Cole2019,
	title        = {{Small-Volume Continuous Manufacturing of Merestinib. Part 1. Process Development and Demonstration}},
	author       = {Cole, Kevin P. and Reizman, Brandon J. and Hess, Molly and Groh, Jennifer M. and Laurila, Michael E. and Cope, Richard F. and Campbell, Bradley M. and Forst, Mindy B. and Burt, Justin L. and Maloney, Todd D. and Johnson, Martin D. and Mitchell, David and Polster, Christopher S. and Mitra, Aurpon W. and Boukerche, Moussa and Conder, Edward W. and Braden, Timothy M. and Miller, Richard D. and Heller, Michael R. and Phillips, Joseph L. and Howell, John R.},
	year         = 2019,
	month        = may,
	journal      = {Organic Process Research {\&} Development},
	volume       = 23,
	number       = 5,
	pages        = {858--869},
	doi          = {10.1021/acs.oprd.8b00441},
	issn         = {1083-6160},
	url          = {https://pubs.acs.org/doi/10.1021/acs.oprd.8b00441}
}
@article{Silver2017,
	title        = {{Mastering the game of Go without human knowledge}},
	author       = {Silver, David and Schrittwieser, Julian and Simonyan, Karen and Antonoglou, Ioannis and Huang, Aja and Guez, Arthur and Hubert, Thomas and Baker, Lucas and Lai, Matthew and Bolton, Adrian and Chen, Yutian and Lillicrap, Timothy and Hui, Fan and Sifre, Laurent and van den Driessche, George and Graepel, Thore and Hassabis, Demis},
	year         = 2017,
	month        = oct,
	journal      = {Nature},
	publisher    = {Nature Publishing Group},
	volume       = 550,
	number       = 7676,
	pages        = {354--359},
	doi          = {10.1038/nature24270},
	issn         = {0028-0836},
	url          = {http://www.nature.com/articles/nature24270},
	pmid         = 29052630
}
@article{Copeland2010,
	title        = {{Proportional-integral-derivative $\lambda$-tuning for integrating processes with deadtime}},
	author       = {Copeland, B.R. and Julien, R.H. and Foley, M.W.},
	year         = 2010,
	month        = mar,
	journal      = {IET Control Theory {\&} Applications},
	volume       = 4,
	number       = 3,
	pages        = {425--436},
	doi          = {10.1049/iet-cta.2008.0306},
	issn         = {1751-8644},
	url          = {https://digital-library.theiet.org/content/journals/10.1049/iet-cta.2008.0306 https://ieeexplore.ieee.org/document/5426457}
}
@article{Elvira2013,
	title        = {{The past, present and potential for microfluidic reactor technology in chemical synthesis}},
	author       = {Elvira, Katherine S. and i Solvas, Xavier Casadevall and Wootton, Robert C.R. and Demello, Andrew J.},
	year         = 2013,
	month        = nov,
	journal      = {Nature Chemistry},
	publisher    = {Nature Publishing Group},
	volume       = 5,
	number       = 11,
	pages        = {905--915},
	doi          = {10.1038/nchem.1753},
	issn         = 17554330,
	url          = {http://www.nature.com/articles/nchem.1753},
	keywords     = {Chemical engineering,Flow chemistry}
}
@misc{OConnor2016,
	title        = {{Emerging technology: A key enabler for modernizing pharmaceutical manufacturing and advancing product quality}},
	author       = {O'Connor, Thomas F. and Yu, Lawrence X. and Lee, Sau L.},
	year         = 2016,
	month        = jul,
	booktitle    = {International Journal of Pharmaceutics},
	publisher    = {Elsevier B.V.},
	volume       = 509,
	number       = {1-2},
	pages        = {492--498},
	doi          = {10.1016/j.ijpharm.2016.05.058},
	issn         = 18733476,
	keywords     = {Emerging technologies,Innovation,Pharmaceutical manufacturing,Product quality,Regulatory science}
}
@article{Ziegler1942,
	title        = {{Optimum Settings for Automatic Controllers}},
	author       = {Ziegler, JG and Nichols, NB},
	year         = 1942,
	journal      = {ASME Transactions},
	volume       = 64,
	pages        = {759--765},
	url          = {www.driedger.ca.}
}
@article{Poechlauer2013,
	title        = {{Pharmaceutical Roundtable Study Demonstrates the Value of Continuous Manufacturing in the Design of Greener Processes}},
	author       = {Poechlauer, Peter and Colberg, Juan and Fisher, Elizabeth and Jansen, Michael and Johnson, Martin D. and Koenig, Stefan G. and Lawler, Michael and Laporte, Thomas and Manley, Julie and Martin, Benjamin and O'Kearney-Mcmullan, Anne},
	year         = 2013,
	month        = dec,
	journal      = {Organic Process Research and Development},
	publisher    = {American Chemical Society},
	volume       = 17,
	number       = 12,
	pages        = {1472--1478},
	doi          = {10.1021/op400245s},
	issn         = 10836160
}
@misc{Badgwell2019,
	title        = {{Adaptive PID controller tuning via deep reinforcement learning}},
	author       = {Badgwell, Thomas A. and Liu, Kuang-Hung and Subrahmanya, Niranjan A. and Liu, Wei D. and Kovalski, Michael H.},
	year         = 2019
}
@misc{Behrendt2009,
	title        = {A discrete MPC scheme},
	author       = {Martin Behrendt},
	year         = 2009,
	url          = {https://en.wikipedia.org/wiki/Model_predictive_control#/media/File:MPC_scheme_basic.svg}
}
@misc{COSMO,
	title        = {COSMOtherm: Predicting Solutions since 1999},
	year         = 2019,
	url          = {http://www.cosmologic.de/products/cosmotherm.html}
}
@article{Cole2017,
	title        = {{Kilogram-scale prexasertib monolactate monohydrate synthesis under continuous-flow CGMP conditions}},
	author       = {Cole, Kevin P and Groh, Jennifer McClary and Johnson, Martin D and Burcham, Christopher L and Campbell, Bradley M and Diseroad, William D and Heller, Michael R and Howell, John R and Kallman, Neil J and Koenig, Thomas M and May, Scott A and Miller, Richard D and Mitchell, David and Myers, David P. and Myers, Steven S and Phillips, Joseph L and Polster, Christopher S and White, Timothy D and Cashman, Jim and Hurley, Declan and Moylan, Robert and Sheehan, Paul and Spencer, Richard D and Desmond, Kenneth and Desmond, Paul and Gowran, Olivia},
	year         = 2017,
	month        = jun,
	journal      = {Science},
	publisher    = {American Association for the Advancement of Science},
	volume       = 356,
	number       = 6343,
	pages        = {1144--1150},
	doi          = {10.1126/science.aan0745},
	issn         = {0036-8075},
	url          = {http://www.ncbi.nlm.nih.gov/pubmed/28619938 http://www.sciencemag.org/lookup/doi/10.1126/science.aan0745},
	pmid         = 28619938
}
@book{Sutton2018,
	title        = {{Reinforcement Learning: An Introduction}},
	author       = {Sutton, Richard S and Barto, Andrew G},
	year         = 2018,
	publisher    = {MIT Press},
	address      = {Cambridge},
	url          = {http://incompleteideas.net/book/the-book-2nd.html},
	edition      = {2nd}
}
@article{Finco1989,
	title        = {{Control of Distillation Columns with Low Relative Volatilities}},
	author       = {Finco, Mark V and Luyben, William L and Polleck, Richard E},
	year         = 1989,
	journal      = {Industrial and Engineering Chemistry Research},
	publisher    = {UTC},
	volume       = 28,
	number       = 1,
	pages        = {75--83},
	doi          = {10.1021/ie00085a014},
	issn         = 15205045,
	url          = {https://pubs.acs.org/sharingguidelines}
}
@article{Roberge2008,
	title        = {{Microreactor technology and continuous processes in the fine chemical and pharmaceutical industry: Is the revolution underway?}},
	author       = {Roberge, Dominique M. and Zimmermann, Bertin and Rainone, Fabio and Gottsponer, Michael and Eyholzer, Markus and Kockmann, Norbert},
	year         = 2008,
	month        = sep,
	journal      = {Organic Process Research and Development},
	publisher    = {American Chemical Society},
	volume       = 12,
	number       = 5,
	pages        = {905--910},
	doi          = {10.1021/op8001273},
	issn         = 10836160
}
@article{Sommer2011,
	title        = {Iterative Feedback Tuning of PID Controllers for Reactive Distillation Processes: Comparison with Relay Feedback Tuning},
	author       = {Sommer, Steffen and Muller, Peter and Kienle, Achim},
	year         = 2011,
	month        = aug,
	journal      = {Industrial {\&} Engineering Chemistry Research},
	volume       = 50,
	number       = 16,
	pages        = {9821--9828},
	doi          = {10.1021/ie200434f},
	issn         = {0888-5885},
	url          = {https://pubs.acs.org/doi/10.1021/ie200434f}
}
@article{Skogestad2000,
	title        = {{Plantwide control: The search for the self-optimizing control structure}},
	author       = {Skogestad, Sigurd},
	year         = 2000,
	journal      = {Journal of Process Control},
	publisher    = {Elsevier Science Ltd},
	volume       = 10,
	number       = 5,
	pages        = {487--507},
	doi          = {10.1016/S0959-1524(00)00023-8},
	issn         = {09591524}
}
@article{Sumana2010,
	title        = {{Genetically Tuned Decentralized Proportional-Integral Controllers for Composition Control of Reactive Distillation}},
	author       = {Sumana, C. and Venkateswarlu, Ch},
	year         = 2010,
	month        = feb,
	journal      = {Industrial {\&} Engineering Chemistry Research},
	volume       = 49,
	number       = 3,
	pages        = {1297--1311},
	doi          = {10.1021/ie9008474},
	issn         = {0888-5885},
	url          = {https://pubs.acs.org/doi/10.1021/ie9008474}
}
@article{Halvorsen2003,
	title        = {{Optimal selection of controlled variables}},
	author       = {Halvorsen, Ivar J. and Skogestad, Sigurd and Morud, John C. and Alstad, Vidar},
	year         = 2003,
	month        = jul,
	journal      = {Industrial and Engineering Chemistry Research},
	volume       = 42,
	number       = 14,
	pages        = {3273--3284},
	doi          = {10.1021/ie020833t},
	issn         = {08885885}
}
@article{Luyben2006,
	title        = {{Evaluation of criteria for selecting temperature control trays in distillation columns}},
	author       = {Luyben, William L.},
	year         = 2006,
	month        = feb,
	journal      = {Journal of Process Control},
	volume       = 16,
	number       = 2,
	pages        = {115--134},
	doi          = {10.1016/j.jprocont.2005.05.004},
	issn         = {09591524},
	url          = {https://linkinghub.elsevier.com/retrieve/pii/S0959152405000569}
}
@article{Huilcapi2019,
	title        = {{A Loop Pairing Method for Multivariable Control Systems Under a Multi-Objective Optimization Approach}},
	author       = {Huilcapi, Victor and Blasco, Xavier and Herrero, Juan Manuel and Reynoso-Meza, Gilberto},
	year         = 2019,
	journal      = {IEEE Access},
	publisher    = {Institute of Electrical and Electronics Engineers Inc.},
	volume       = 7,
	pages        = {81994--82014},
	doi          = {10.1109/ACCESS.2019.2923654},
	issn         = {2169-3536},
	url          = {https://ieeexplore.ieee.org/document/8741001/},
	keywords     = {Multivariable control system,Pareto front,decentralized control structures,input-output pairing,multiobjective evolutionary optimization}
}
@article{Shen1994,
	title        = {Use of relay-feedback test for automatic tuning of multivariable systems},
	author       = {Shen, Shih-Haur H and Yu, Cheng-Ching C},
	year         = 1994,
	month        = apr,
	journal      = {AIChE Journal},
	volume       = 40,
	number       = 4,
	pages        = {627--646},
	doi          = {10.1002/aic.690400408},
	issn         = 15475905
}
@article{Skogestad2007,
	title        = {{The Dos and Don'ts of Distillation Column Control}},
	author       = {Skogestad, S},
	year         = 2007,
	journal      = {Chemical Engineering Research and Design},
	volume       = 85,
	number       = {1 A},
	pages        = {13--23},
	doi          = {10.1205/cherd06133},
	issn         = {02638762},
	url          = {http://folk.ntnu.no/skoge/publications/2007/skogestad{\_}distillation-dos-and-donts{\_}special-issue-of-cherd/CHERD06133.pdf},
	keywords     = {configuration selection,plantwide control,process control,self-optimizing control,survey,temperature location}
}
@article{Mesbah2017,
	title        = {{Model Predictive Control of an Integrated Continuous Pharmaceutical Manufacturing Pilot Plant}},
	author       = {Mesbah, Ali and Paulson, Joel A. and Lakerveld, Richard and Braatz, Richard D.},
	year         = 2017,
	journal      = {Organic Process Research and Development},
	volume       = 21,
	number       = 6,
	pages        = {844--854},
	doi          = {10.1021/acs.oprd.7b00058},
	issn         = {1520586X},
	url          = {https://pubs.acs.org/doi/10.1021/acs.oprd.7b00058}
}
@article{Pieber2017,
	title        = {Integrated flow processing -- challenges in continuous multistep synthesis},
	author       = {Pieber, Bartholomus and Gilmore, Kerry and Seeberger, Peter H},
	year         = 2017,
	month        = sep,
	journal      = {Journal of Flow Chemistry},
	volume       = 7,
	number       = {3-4},
	pages        = {129--136},
	doi          = {10.1556/1846.2017.00016},
	issn         = {2062-249X},
	url          = {http://www.akademiai.com/doi/10.1556/1846.2017.00016},
	keywords     = {Flow chemistry,active pharmaceutical ingredients,chemical assembly systems,continuous multistep synthesis}
}
@article{Luyben1986,
	title        = {{Simple method for tuning SISO controllers in multivariable systems}},
	author       = {Luyben, William L.},
	year         = 1986,
	month        = jul,
	journal      = {Industrial {\&} Engineering Chemistry Process Design and Development},
	volume       = 25,
	number       = 3,
	pages        = {654--660},
	doi          = {10.1021/i200034a010},
	issn         = {0196-4305},
	url          = {https://pubs.acs.org/doi/abs/10.1021/i200034a010}
}
@article{Lin2006,
	title        = {Relay Feedback Tests for Highly Nonlinear Processes: Reactive Distillation},
	author       = {Lin, Yu-De and Huang, Hsiao-Ping and Yu, Cheng-Ching},
	year         = 2006,
	month        = jun,
	journal      = {Industrial {\&} Engineering Chemistry Research},
	volume       = 45,
	number       = 12,
	pages        = {4081--4092},
	doi          = {10.1021/ie0514105},
	issn         = {0888-5885},
	url          = {https://pubs.acs.org/doi/10.1021/ie0514105}
}
@article{Lee2005,
	title        = {{Approximate dynamic programming-based approaches for input-output data-driven control of nonlinear processes}},
	author       = {Lee, Jong Min and Lee, Jay H.},
	year         = 2005,
	month        = jul,
	journal      = {Automatica},
	volume       = 41,
	number       = 7,
	pages        = {1281--1288},
	doi          = {10.1016/j.automatica.2005.02.006},
	issn         = {00051098},
	url          = {https://linkinghub.elsevier.com/retrieve/pii/S0005109805000786},
	keywords     = {Approximate dynamic programming,NARX model,Nonlinear model identification,Nonlinear model predictive control,Q-learning,Reinforcement learning}
}
@article{Shin2019,
	title        = {{Reinforcement Learning - Overview of recent progress and implications for process control}},
	author       = {Shin, Joohyun and Badgwell, Thomas A. and Liu, Kuang Hung and Lee, Jay H.},
	year         = 2019,
	month        = aug,
	journal      = {Computers and Chemical Engineering},
	publisher    = {Elsevier Ltd},
	volume       = 127,
	pages        = {282--294},
	doi          = {10.1016/j.compchemeng.2019.05.029},
	issn         = {00981354},
	keywords     = {Mathematical programming,Model predictive control,Process control,Reinforcement Learning,Strategic/operational decision-making}
}
@inproceedings{Lillicrap2016,
	title        = {{Continuous control with deep reinforcement learning}},
	author       = {Lillicrap, Timothy P and Hunt, Jonathan J and Pritzel, Alexander and Heess, Nicolas and Erez, Tom and Tassa, Yuval and Silver, David and Wierstra, Daan},
	year         = 2016,
	booktitle    = {4th International Conference on Learning Representations, ICLR 2016 - Conference Track Proceedings},
	url          = {https://goo.gl/J4PIAz},
	archiveprefix = {arXiv},
	arxivid      = {1509.02971},
	eprint       = {1509.02971}
}
@article{Fazlollahi2018,
	title        = {{Novel solvent exchange distillation column}},
	author       = {Fazlollahi, Farhad and Wankat, Phillip C.},
	year         = 2018,
	month        = jul,
	journal      = {Chemical Engineering Science},
	volume       = 184,
	pages        = {216--228},
	doi          = {10.1016/j.ces.2018.02.025},
	issn         = {00092509},
	url          = {https://linkinghub.elsevier.com/retrieve/pii/S0009250918300873},
	keywords     = {Batch distillation,Diafiltration,Energy,Simulation,Solvent exchange}
}
@article{Wankat2018,
	title        = {{Continuous Cyclic Distillation for Binary Solvent Exchange: The Batch Stack}},
	author       = {Wankat, Phillip C.},
	year         = 2018,
	month        = nov,
	journal      = {Industrial {\&} Engineering Chemistry Research},
	volume       = 57,
	number       = 47,
	pages        = {16077--16083},
	doi          = {10.1021/acs.iecr.8b02449},
	issn         = {0888-5885},
	url          = {https://pubs.acs.org/doi/10.1021/acs.iecr.8b02449}
}
@incollection{Hori2006,
	title        = {{Self-Optimizing Control Configurations for Two-Product Distillation Columns}},
	author       = {Hori, Eduardo Shigueo and Skogestad, Sigurd and Al-Arfaj, Muhammad A},
	year         = 2006,
	booktitle    = {Distillation and Absorption 2006 Symposium Series 152},
	publisher    = {IChemE},
	pages        = {590--599},
	keywords     = {control structure selection,distillation column,multicomponent distillation}
}
@article{Pajares2019,
	title        = {{A New Point of View in Multivariable Controller Tuning Under Multiobjetive Optimization by Considering Nearly Optimal Solutions}},
	author       = {Pajares, Alberto and Blasco, Xavier and Herrero, Juan Manuel and Reynoso-Meza, Gilberto},
	year         = 2019,
	journal      = {IEEE Access},
	publisher    = {Institute of Electrical and Electronics Engineers Inc.},
	volume       = 7,
	pages        = {66435--66452},
	doi          = {10.1109/ACCESS.2019.2915556},
	issn         = {2169-3536},
	url          = {https://ieeexplore.ieee.org/document/8710271/},
	keywords     = {Multiobjective optimization,multivariable control systems,nearly optimal solutions}
}
@article{Gauci2018,
	title        = {{Horizon: Facebook's Open Source Applied Reinforcement Learning Platform}},
	author       = {Gauci, Jason and Conti, Edoardo and Liang, Yitao and Virochsiri, Kittipat and He, Yuchen and Kaden, Zachary and Narayanan, Vivek and Ye, Xiaohui and Chen, Zhengxing and Fujimoto, Scott},
	year         = 2018,
	month        = nov,
	url          = {http://arxiv.org/abs/1811.00260},
	archiveprefix = {arXiv},
	arxivid      = {1811.00260},
	eprint       = {1811.00260}
}
@article{Wolff1996,
	title        = {{Temperature Cascade Control of Distillation Columns}},
	author       = {Wolff, Erik A. and Skogestad, Sigurd},
	year         = 1996,
	month        = jan,
	journal      = {Industrial {\&} Engineering Chemistry Research},
	volume       = 35,
	number       = 2,
	pages        = {475--484},
	doi          = {10.1021/ie940758p},
	issn         = {0888-5885},
	url          = {https://pubs.acs.org/doi/10.1021/ie940758p}
}
@article{Skogestad1988,
	title        = {{Understanding the dynamic behavior of distillation columns}},
	author       = {Skogestad, Sigurd and Morari, Manfred},
	year         = 1988,
	month        = oct,
	journal      = {Industrial {\&} Engineering Chemistry Research},
	publisher    = {American Chemical Society},
	volume       = 27,
	number       = 10,
	pages        = {1848--1862},
	doi          = {10.1021/ie00082a018},
	issn         = {0888-5885},
	url          = {https://pubs.acs.org/doi/abs/10.1021/ie00082a018}
}
@misc{Lundberg2019,
	title        = {{simple-pid}},
	author       = {Martin Lundberg},
	year         = 2019,
	month        = oct,
	publisher    = {Github},
	url          = {https://github.com/m-lundberg/simple-pid},
	version      = {0.2.4}
}
@article{Liaw2018,
	title        = {Tune: A Research Platform for Distributed Model Selection and Training},
	author       = {Liaw, Richard and Liang, Eric and Nishihara, Robert and Moritz, Philipp and Gonzalez, Joseph E and Stoica, Ion},
	year         = 2018,
	journal      = {arXiv preprint arXiv:1807.05118}
}
@article{Liang2017,
	title        = {RLlib: Abstractions for Distributed Reinforcement Learning},
	author       = {Eric Liang and Richard Liaw and Philipp Moritz and Robert Nishihara and Roy Fox and Ken Goldberg and Joseph E. Gonzalez and Michael I. Jordan and Ion Stoica},
	year         = 2017,
	journal      = {arXiv preprint arXiv:1712.09381},
	eprint       = {1712.09381},
	archiveprefix = {arXiv},
	primaryclass = {cs.AI}
}
@article{Brockman2016,
	title        = {OpenAI Gym},
	author       = {Greg Brockman and Vicki Cheung and Ludwig Pettersson and Jonas Schneider and John Schulman and Jie Tang and Wojciech Zaremba},
	year         = 2016,
	journal      = {arXiv preprint arXiv:1606.01540},
	primaryclass = {cs.LG}
}
@phdthesis{Cai2009,
	title        = {{Systematic approach for control structure design}},
	author       = {Cai, Yongsong},
	year         = 2009,
	keywords     = {Cai2009},
	school       = {McMaster University}
}
@article{Schulman2017,
	title        = {{Proximal Policy Optimization Algorithms}},
	author       = {Schulman, John and Wolski, Filip and Dhariwal, Prafulla and Radford, Alec and Klimov, Oleg},
	year         = 2017,
	month        = jul,
	journal      = {arXiv preprint arXiv:1312.5602},
	url          = {http://arxiv.org/abs/1707.06347},
	archiveprefix = {arXiv},
	arxivid      = {1707.06347},
	eprint       = {1707.06347}
}
@inproceedings{Engstrom2020,
	title        = {{Implementation Matters in Deep RL: A Case Study on PPO and TRPO}},
	author       = {Engstrom, Logan and Ilyas, Andrew and Santurkar, Shibani and Tsipras, Dimitris and Janoos, Firdaus and Rudolph, Larry and Madry, Aleksander},
	year         = 2020,
	month        = sep,
	booktitle    = {ICLR 2020}
}
@article{Mnih2013,
	title        = {{Playing Atari with Deep Reinforcement Learning}},
	author       = {Mnih, Volodymyr and Kavukcuoglu, Koray and Silver, David and Graves, Alex and Antonoglou, Ioannis and Wierstra, Daan and Riedmiller, Martin},
	year         = 2013,
	month        = dec,
	journal      = {arXiv preprint arXiv:1312.5602},
	url          = {http://arxiv.org/abs/1312.5602},
	archiveprefix = {arXiv},
	arxivid      = {1312.5602},
	eprint       = {1312.5602}
}
@article{Nandong2013,
	title        = {{Novel Multiscale Control Scheme for Nonminimum-Phase Processes}},
	author       = {Nandong, Jobrun and Zang, Zhuquan},
	year         = 2013,
	month        = jun,
	journal      = {Industrial {\&} Engineering Chemistry Research},
	volume       = 52,
	number       = 24,
	pages        = {8248--8259},
	doi          = {10.1021/ie302839v},
	issn         = {0888-5885},
	url          = {https://pubs.acs.org/doi/10.1021/ie302839v}
}
@article{Nandong2015,
	title        = {{Heuristic-based multi-scale control procedure of simultaneous multi-loop PID tuning for multivariable processes}},
	author       = {Nandong, Jobrun},
	year         = 2015,
	month        = nov,
	journal      = {Journal of Process Control},
	volume       = 35,
	pages        = {101--112},
	doi          = {10.1016/j.jprocont.2015.08.015},
	issn         = {09591524},
	url          = {https://linkinghub.elsevier.com/retrieve/pii/S0959152415001845},
	keywords     = {Decentralized control,MIMO processes,Multi-scale control,PID tuning}
}
@article{Weeranoppanant2020,
	title        = {{In-Line Purification: A Key Component to Facilitate Drug Synthesis and Process Development in Medicinal Chemistry}},
	author       = {Weeranoppanant, Nopphon and Adamo, Andrea},
	year         = 2020,
	month        = jan,
	journal      = {ACS Medicinal Chemistry Letters},
	publisher    = {American Chemical Society},
	volume       = 11,
	number       = 1,
	pages        = {9--15},
	doi          = {10.1021/acsmedchemlett.9b00491},
	issn         = 19485875,
	url          = {https://pubs.acs.org/doi/10.1021/acsmedchemlett.9b00491},
	keywords     = {Flow chemistry,continuous separation; drug synthesis,flow synthesis,in-line purification}
}
@article{Weeranoppanant2017,
	title        = {{Design of Multistage Counter-Current Liquid-Liquid Extraction for Small-Scale Applications}},
	author       = {Weeranoppanant, Nopphon and Adamo, Andrea and Saparbaiuly, Galym and Rose, Eleanor and Fleury, Christian and Schenkel, Berthold and Jensen, Klavs F.},
	year         = 2017,
	month        = apr,
	journal      = {Industrial {\&} Engineering Chemistry Research},
	volume       = 56,
	number       = 14,
	pages        = {4095--4103},
	doi          = {10.1021/acs.iecr.7b00434},
	issn         = {0888-5885},
	url          = {https://pubs.acs.org/doi/10.1021/acs.iecr.7b00434}
}
@article{Deadman2013,
	title        = {{A prototype device for evaporation in batch and flow chemical processes}},
	author       = {Deadman, Benjamin J. and Battilocchio, Claudio and Sliwinski, Eric and Ley, Steven V.},
	year         = 2013,
	month        = aug,
	journal      = {Green Chemistry},
	volume       = 15,
	number       = 8,
	pages        = {2050--2055},
	doi          = {10.1039/c3gc40967h},
	issn         = 14639262
}
@phdthesis{Fitzpatrick2017,
	title        = {{Engineering chemistry : integrated control strategies and internet-enabled tools for chemical synthesis}},
	author       = {Fitzpatrick, Daniel Ewert},
	year         = 2017,
	number       = {July},
	school       = {University of Cambridge}
}
@book{Shinskey1984,
	title        = {{Distillation control : for productivity and energy conservation}},
	author       = {Shinskey, F. Greg.},
	year         = 1984,
	publisher    = {McGraw-Hill},
	isbn         = {0070568944},
	edition      = {2nd}
}
@article{Ahmed1989,
	title        = {Entropy expressions and their estimators for multivariate distributions},
	author       = {N. A. {Ahmed} and D. V. {Gokhale}},
	year         = 1989,
	journal      = {IEEE Transactions on Information Theory},
	volume       = 35,
	number       = 3,
	pages        = 688
}
@article{Nooraii1998,
	title        = {{Implementation of advanced operational and control techniques for a pilot distillation column within a des environment}},
	author       = {Nooraii, A. and Romagnoli, J. A.},
	year         = 1998,
	month        = apr,
	journal      = {Computers and Chemical Engineering},
	volume       = 22,
	number       = {4-5},
	pages        = {695--708},
	doi          = {10.1016/s0098-1354(97)00228-7},
	issn         = {00981354},
	keywords     = {Distillation control,On-line optimisation,Optimising control,Robust control,Supervisory control}
}
@article{Beal2018,
	title        = {{GEKKO Optimization Suite}},
	author       = {Beal, Logan D. R. and Hill, Daniel C. and Martin, R. Abraham and Hedengren, John D.},
	year         = 2018,
	month        = aug,
	journal      = {Processes},
	publisher    = {Multidisciplinary Digital Publishing Institute},
	volume       = 6,
	number       = 8,
	pages        = 106,
	doi          = {10.3390/pr6080106},
	issn         = {2227-9717}
}
@article{Al-Rawashdeh2012,
	title        = {{Numbered-up gas-liquid micro/milli channels reactor with modular flow distributor}},
	author       = {Al-Rawashdeh, M. and Yu, F. and Nijhuis, T. A. and Rebrov, E. V. and Hessel, V. and Schouten, J. C.},
	year         = 2012,
	month        = oct,
	journal      = {Chemical Engineering Journal},
	series       = {22nd International Symposium on Chemical Reaction Engineering (ISCRE 22)},
	volume       = {207-208},
	pages        = {645--655},
	doi          = {10.1016/j.cej.2012.07.028},
	issn         = 13858947,
	url          = {http://www.sciencedirect.com/science/article/pii/S1385894712009199},
	keywords     = {Design methodology,Microreactor,Multiphase flow,Scale-up,Taylor flow},
	mendeley-tags = {Design methodology,Microreactor,Multiphase flow,Scale-up,Taylor flow}
}
@article{Su2016,
	title        = {{A convenient numbering-up strategy for the scale-up of gas-liquid photoredox catalysis in flow}},
	author       = {Su, Yuanhai and Kuijpers, Koen and Hessel, Volker and Noel, Timothy},
	year         = 2016,
	journal      = {Reaction Chemistry and Engineering},
	volume       = 1,
	number       = 1,
	pages        = {73--81},
	doi          = {10.1039/c5re00021a},
	issn         = 20589883,
	url          = {http://pubs.rsc.org/en/Content/ArticleLanding/2016/RE/C5RE00021A},
	language     = {en}
}
@article{Schenk1999,
	title        = {{A hybrid modelling approach for separation systems involving distillation}},
	author       = {Schenk, M. and Gani, R. and Bogle, D. and Pistikopoulos, E. N.},
	year         = 1999,
	journal      = {Chemical Engineering Research and Design},
	publisher    = {IChemE},
	volume       = 77,
	number       = 6,
	pages        = {519--534},
	doi          = {10.1205/026387699526557},
	issn         = {02638762},
	keywords     = {Distillation,Equilibrium-based,Hybrid modelling,Rate-based,Reactive distillation,Separation systems}
}
@misc{BASF2020,
	title        = {Energy and Climate Protection},
	author       = {BASF},
	year         = 2020,
	month        = feb,
	urldate      = {2020-05-01},
	howpublished = {\url{https://report.basf.com}}
}
@article{White2012,
	title        = {{Development of a Continuous Schotten-Baumann Route to an Acyl Sulfonamide}},
	author       = {White, Timothy D. and Berglund, K. Derek and Groh, Jennifer McClary and Johnson, Martin D. and Miller, Richard D. and Yates, Matthew H.},
	year         = 2012,
	month        = may,
	journal      = {Organic Process Research {\&} Development},
	volume       = 16,
	number       = 5,
	pages        = {939--957},
	doi          = {10.1021/op200344a},
	issn         = {1083-6160},
	url          = {https://pubs.acs.org/doi/10.1021/op200344a}
}
@article{Mascia2013,
	title        = {{End-to-end continuous manufacturing of pharmaceuticals: Integrated synthesis, purification, and final dosage formation}},
	author       = {Mascia, Salvatore and Heider, Patrick L. and Zhang, Haitao and Lakerveld, Richard and Benyahia, Brahim and Barton, Paul I. and Braatz, Richard D. and Cooney, Charles L. and Evans, James M.B. and Jamison, Timothy F. and Jensen, Klavs F. and Myerson, Allan S. and Trout, Bernhardt L.},
	year         = 2013,
	month        = nov,
	journal      = {Angewandte Chemie - International Edition},
	publisher    = {John Wiley {\&} Sons, Ltd},
	volume       = 52,
	number       = 47,
	pages        = {12359--12363},
	doi          = {10.1002/anie.201305429},
	issn         = 14337851,
	url          = {http://doi.wiley.com/10.1002/anie.201305429},
	keywords     = {continuous processing,flow chemistry,lactones,protecting groups,synthetic methods},
	pmid         = 24115355
}
@article{Zhang2014,
	title        = {{Application of continuous crystallization in an integrated continuous pharmaceutical pilot plant}},
	author       = {Zhang, Haitao and Lakerveld, Richard and Heider, Patrick L. and Tao, Mengying and Su, Min and Testa, Christopher J. and Dantonio, Alyssa N. and Barton, Paul I. and Braatz, Richard D. and Trout, Bernhardt L. and Myerson, Allan S. and Jensen, Klavs F. and Evans, James M.B.},
	year         = 2014,
	month        = may,
	journal      = {Crystal Growth and Design},
	publisher    = {American Chemical Society},
	volume       = 14,
	number       = 5,
	pages        = {2148--2157},
	doi          = {10.1021/cg401571h},
	issn         = 15287505
}
@article{Lakerveld2015,
	title        = {{The Application of an Automated Control Strategy for an Integrated Continuous Pharmaceutical Pilot Plant}},
	author       = {Lakerveld, Richard and Benyahia, Brahim and Heider, Patrick L. and Zhang, Haitao and Wolfe, Aaron and Testa, Christopher J. and Ogden, Sean and Hersey, Devin R. and Mascia, Salvatore and Evans, James M.B. and Braatz, Richard D. and Barton, Paul I.},
	year         = 2015,
	month        = sep,
	journal      = {Organic Process Research and Development},
	publisher    = {American Chemical Society},
	volume       = 19,
	number       = 9,
	pages        = {1088--1100},
	doi          = {10.1021/op500104d},
	issn         = {1520586X}
}
@article{Heider2014,
	title        = {{Development of a multi-step synthesis and workup sequence for an integrated, continuous manufacturing process of a pharmaceutical}},
	author       = {Heider, Patrick L. and Born, Stephen C. and Basak, Soubir and Benyahia, Brahim and Lakerveld, Richard and Zhang, Haitao and Hogan, Rachael and Buchbinder, Louis and Wolfe, Aaron and Mascia, Salvatore and Evans, James M.B. and Jamison, Timothy F. and Jensen, Klavs F.},
	year         = 2014,
	month        = mar,
	journal      = {Organic Process Research and Development},
	publisher    = {American Chemical Society},
	volume       = 18,
	number       = 3,
	pages        = {402--409},
	doi          = {10.1021/op400294z},
	issn         = {1520586X}
}
@article{Escriba-Gelonch2019,
	title        = {{Multistep Solvent-Free 3 {$m^2$} Footprint Pilot Miniplant for the Synthesis of Annual Half-Ton Rufinamide Precursor}},
	author       = {Escrib{\`{a}}-Gelonch, Marc and {De Leon Izeppi}, Gerardo Antonio and Kirschneck, Dirk and Hessel, Volker},
	year         = 2019,
	month        = oct,
	journal      = {ACS Sustainable Chemistry and Engineering},
	publisher    = {American Chemical Society},
	volume       = 7,
	number       = 20,
	pages        = {17237--17251},
	doi          = {10.1021/acssuschemeng.9b03931},
	issn         = 21680485,
	keywords     = {Intensification,Multiphase,Rufinamide,Scale-up,Solvent-free}
}
@article{Hu2020,
	title        = {{An automated modular assembly line for drugs in a miniaturized plant}},
	author       = {Hu, Chuntian and Testa, Christopher J. and Wu, Wei and Shvedova, Khrystyna and Shen, Dongying Erin and Sayin, Ridade and Halkude, Bhakti S. and Casati, Federica and Hermant, Paul and Ramnath, Anjana and Born, Stephen C. and Takizawa, Bayan and O'Connor, Thomas F. and Yang, Xiaochuan and Ramanujam, Sukumar and Mascia, Salvatore},
	year         = 2020,
	month        = jan,
	journal      = {Chemical Communications},
	publisher    = {Royal Society of Chemistry},
	volume       = 56,
	number       = 7,
	pages        = {1026--1029},
	doi          = {10.1039/c9cc06945c},
	issn         = {1364548X}
}
@article{Lee2016,
	title        = {{Life Cyle Assessment Based Environmental Performance Comparison of Batch and Continuous Processing: A Case of 4-D-Erythronolactone Synthesis}},
	author       = {Lee, Cher Kian and Khoo, Hsien Hui and Tan, Reginald B.H.},
	year         = 2016,
	month        = nov,
	journal      = {Organic Process Research and Development},
	publisher    = {American Chemical Society},
	volume       = 20,
	number       = 11,
	pages        = {1937--1948},
	doi          = {10.1021/acs.oprd.6b00275},
	issn         = {1520586X},
	keywords     = {batch and continuous processing,life cycle assessment,primary pharmaceutical manufacturing,production campaign}
}
@article{Cole2016,
	title        = {{An Automated Intermittent Flow Approach to Continuous Suzuki Coupling}},
	author       = {Cole, Kevin P. and Campbell, Bradley M. and Forst, Mindy B. and {McClary Groh}, Jennifer and Hess, Molly and Johnson, Martin D. and Miller, Richard D. and Mitchell, David and Polster, Christopher S. and Reizman, Brandon J. and Rosemeyer, Morgan},
	year         = 2016,
	month        = apr,
	journal      = {Organic Process Research and Development},
	publisher    = {American Chemical Society},
	volume       = 20,
	number       = 4,
	pages        = {820--830},
	doi          = {10.1021/acs.oprd.6b00030},
	issn         = {1520586X}
}
@article{Borukhova2013,
	title        = {{Solvent and Catalyst Free Huisgen Cycloaddition to Rufinamide in Flow with a Greener, Less Expensive Dipolarophile}},
	author       = {Borukhova, Svetlana and Noel, Timothy and Metten, Bert and Vos	 Eric and Hessel, Volker},
	year         = 2013,
	month        = dec,
	journal      = {ChemSusChem},
	publisher    = {Wiley-VCH Verlag},
	volume       = 6,
	number       = 12,
	pages        = {2220--2225},
	doi          = {10.1002/cssc.201300684},
	issn         = 18645631,
	url          = {http://doi.wiley.com/10.1002/cssc.201300684},
	keywords     = {cycloaddition,green chemistry,microflow chemistry,novel process windows,solvent free}
}
@article{Hessel2009,
	title        = {Novel Process Windows: Gate to Maximizing Process Intensification via Flow  Chemistry},
	author       = {Hessel, V.},
	year         = 2009,
	month        = nov,
	journal      = {Chemical Engineering {\&} Technology},
	publisher    = {John Wiley {\&} Sons, Ltd},
	volume       = 32,
	number       = 11,
	pages        = {1655--1681},
	doi          = {10.1002/ceat.200900474},
	issn         = {09307516},
	url          = {http://doi.wiley.com/10.1002/ceat.200900474},
	keywords     = {Chemical micro-process engineering,Microreactor technology,Microreactors,Novel chemistry,Organic synthesis}
}
@article{Pensar1993,
	title        = {{Steady-state-gain identification for multivariable process control}},
	author       = {Pensar, Johan A. and Waller, Kurt V.},
	year         = 1993,
	month        = sep,
	journal      = {Industrial {\&} Engineering Chemistry Research},
	volume       = 32,
	number       = 9,
	pages        = {2012--2016},
	doi          = {10.1021/ie00021a024},
	issn         = {0888-5885},
	url          = {https://pubs.acs.org/doi/abs/10.1021/ie00021a024}
}
@article{Martin2013,
	title        = {{Robust model predictive control of a pilot plant distillation column}},
	author       = {Martin, Paulo A. and Odloak, Darci and Kassab, Fuad},
	year         = 2013,
	journal      = {Control Engineering Practice},
	volume       = 21,
	number       = 3,
	pages        = {231--241},
	doi          = {10.1016/J.CONENGPRAC.2012.10.004},
	issn         = {0967-0661},
	url          = {https://linkinghub.elsevier.com/retrieve/pii/S0967066112002250}
}
@article{Behroozsarand2012,
	title        = {{Control of TAME reactive distillation using Non-Dominated Sorting Genetic Algorithm-II}},
	author       = {Behroozsarand, Alireza and Shafiei, Sirous},
	year         = 2012,
	month        = jan,
	journal      = {Journal of Loss Prevention in the Process Industries},
	volume       = 25,
	number       = 1,
	pages        = {192--201},
	doi          = {10.1016/j.jlp.2011.06.019},
	issn         = {09504230},
	url          = {https://linkinghub.elsevier.com/retrieve/pii/S0950423011001008},
	keywords     = {IAE,NSGA-II,PID controller,Pareto optimal,TAME,Tuning}
}
@article{McAvoy2003,
	title        = {{A new approach to defining a dynamic relative gain}},
	author       = {{Mc Avoy}, Thomas and Arkun, Yaman and Chen, Rong and Robinson, Derek and Schnelle, P. David},
	year         = 2003,
	journal      = {Control Engineering Practice},
	publisher    = {Elsevier Ltd},
	volume       = 11,
	number       = 8,
	pages        = {907--914},
	doi          = {10.1016/S0967-0661(02)00207-1},
	issn         = {09670661},
	keywords     = {Dynamic interaction,Loop pairing,Optimal control,Relative gain}
}
@book{ODwyer2009,
	title        = {{Handbook of PI and PID controller tuning rules}},
	author       = {O'Dwyer, Aidan},
	year         = 2009,
	booktitle    = {Handbook of PI and PID Controller Tuning Rules},
	doi          = {10.1142/P575},
	isbn         = 9781848162433
}
@article{KiamHeongAng2005,
	title        = {{PID control system analysis, design, and technology}},
	author       = {{Kiam Heong Ang} and Chong, G. and {Yun Li}},
	year         = 2005,
	month        = jul,
	journal      = {IEEE Transactions on Control Systems Technology},
	volume       = 13,
	number       = 4,
	pages        = {559--576},
	doi          = {10.1109/TCST.2005.847331},
	issn         = {1063-6536},
	url          = {http://ieeexplore.ieee.org/document/1453566/}
}
@article{Nooraii1997,
	title        = {{Robustness analysis and control of a pilot-scale distillation column}},
	author       = {Nooraii, A. and Figueroa, J. and Romagnoli, J.A.},
	year         = 1997,
	month        = mar,
	journal      = {Computers {\&} Chemical Engineering},
	publisher    = {Elsevier Ltd},
	volume       = 21,
	number       = 7,
	pages        = {703--717},
	doi          = {10.1016/S0098-1354(96)00309-2},
	issn         = {00981354},
	url          = {https://linkinghub.elsevier.com/retrieve/pii/S0098135496003092}
}
@article{Hang1991,
	title        = {{Refinements of the Ziegler-Nichols tuning formula}},
	author       = {Hang, C.C. and Astrom, K.J. and Ho, W.K.},
	year         = 1991,
	journal      = {IEE Proceedings D Control Theory and Applications},
	volume       = 138,
	number       = 2,
	pages        = 111,
	doi          = {10.1049/ip-d.1991.0015},
	issn         = {01437054},
	url          = {https://digital-library.theiet.org/content/journals/10.1049/ip-d.1991.0015}
}
@article{Ganesh2010,
	title        = {{Multivariable controller tuning for non-square systems with RHP zeros by genetic algorithm}},
	author       = {Ganesh, P. and Chidambaram, M.},
	year         = 2010,
	journal      = {Chemical and Biochemical Engineering Quarterly},
	volume       = 24,
	number       = 1,
	pages        = {17--22},
	doi          = {10.1109/ICISIP.2005.1529465},
	isbn         = {0780388402},
	issn         = {03529568},
	url          = {https://hrcak.srce.hr/49477?lang=en},
	keywords     = {Centralized controller and decentralized controlle,Genetic algorithm,Non-square systems with RHP zero}
}
@article{Rajapandiyan2012,
	title        = {{Closed-loop identification of multivariable systems by optimization method}},
	author       = {Rajapandiyan, C. and Chidambaram, M.},
	year         = 2012,
	month        = jan,
	journal      = {Industrial and Engineering Chemistry Research},
	volume       = 51,
	number       = 3,
	pages        = {1324--1336},
	doi          = {10.1021/ie2013778},
	issn         = {08885885}
}
@article{Moodley2019,
	title        = {{Isothermal Vapor-Liquid Equilibrium Measurements for Alcohol + Water/ {\textless}i{\textgreater}n{\textless}/i{\textgreater} -Hexane Azeotropic Systems Using Both Dynamic and Automated Static-Synthetic Methods}},
	author       = {Moodley, Kuveneshan and Naidoo, Paramespri and Raal, Johan David and Ramjugernath, Deresh},
	year         = 2019,
	month        = jun,
	journal      = {Journal of Chemical {\&} Engineering Data},
	volume       = 64,
	number       = 6,
	pages        = {2657--2670},
	doi          = {10.1021/acs.jced.9b00102},
	issn         = {0021-9568},
	url          = {https://pubs.acs.org/doi/10.1021/acs.jced.9b00102}
}
@article{Malanowski1982,
	title        = {{Experimental methods for vapour-liquid equilibria. Part I. Circulation methods}},
	author       = {Malanowski, Stanis{\l}aw},
	year         = 1982,
	journal      = {Fluid Phase Equilibria},
	volume       = 8,
	number       = 2,
	pages        = {197--219},
	doi          = {10.1016/0378-3812(82)80035-6},
	issn         = {03783812}
}
@article{Ronc1976,
	title        = {{Measurement of vapor-liquid equilibria using a semi-continuous total pressure static equilibrium still}},
	author       = {Ronc, M. and Ratcliff, G. R.},
	year         = 1976,
	month        = aug,
	journal      = {The Canadian Journal of Chemical Engineering},
	volume       = 54,
	number       = 4,
	pages        = {326--332},
	doi          = {10.1002/cjce.5450540414},
	issn         = {00084034},
	url          = {http://doi.wiley.com/10.1002/cjce.5450540414}
}
@article{Klima2019,
	title        = {{Vapor-liquid-equilibria of fuel-nitrogen systems at engine-like conditions measured with Raman spectroscopy in micro capillaries}},
	author       = {Klima, Tobias C. and Braeuer, Andreas S.},
	year         = 2019,
	month        = feb,
	journal      = {Fuel},
	publisher    = {Elsevier Ltd},
	volume       = 238,
	pages        = {312--319},
	doi          = {10.1016/j.fuel.2018.10.108},
	issn         = {00162361},
	url          = {https://linkinghub.elsevier.com/retrieve/pii/S0016236118318325},
	keywords     = {Capillary,Fuel,Liquid,Raman spectroscopy,Solubility,VLE,Vapor}
}
@article{Luther2015,
	title        = {{Determination of Vapor-Liquid Equilibrium Data in Microfluidic Segmented Flows at Elevated Pressures Using Raman Spectroscopy}},
	author       = {Luther, Sebastian K. and Stehle, Simon and Weihs, Kristian and Will, Stefan and Braeuer, Andreas},
	year         = 2015,
	month        = aug,
	journal      = {Analytical Chemistry},
	volume       = 87,
	number       = 16,
	pages        = {8165--8172},
	doi          = {10.1021/acs.analchem.5b00699},
	issn         = {0003-2700},
	url          = {https://pubs.acs.org/doi/10.1021/acs.analchem.5b00699}
}
@article{Kundu2011,
	title        = {{Multicomponent vapor-liquid-liquid equilibrium prediction using an a priori segment based model}},
	author       = {Kundu, Debashis and Banerjee, Tamal},
	year         = 2011,
	month        = dec,
	journal      = {Industrial and Engineering Chemistry Research},
	publisher    = {American Chemical Society},
	volume       = 50,
	number       = 24,
	pages        = {14090--14096},
	doi          = {10.1021/ie201864y},
	issn         = {08885885}
}
@article{Mesbah2015,
	title        = {{Vapor liquid equilibrium prediction of carbon dioxide and hydrocarbon systems using LSSVM algorithm}},
	author       = {Mesbah, Mohammad and Soroush, Ebrahim and Azari, Vahid and Lee, Moonyong and Bahadori, Alireza and Habibnia, Samaneh},
	year         = 2015,
	month        = feb,
	journal      = {Journal of Supercritical Fluids},
	publisher    = {Elsevier},
	volume       = 97,
	pages        = {256--267},
	doi          = {10.1016/j.supflu.2014.12.011},
	issn         = {08968446},
	keywords     = {Bubble point,Dew point,Least-Squares Support Vector Machine (LSSVM),Outlier diagnostics,Sensitivity analysis,Supercritical phase equilibrium}
}
@article{Constantinescu2005,
	title        = {{Vapor-liquid equilibrium prediction at high pressures using activity coefficients at infinite dilution from COSMO-type methods}},
	author       = {Constantinescu, Dana and Klamt, Andreas and Geanǎ, Dan},
	year         = 2005,
	month        = apr,
	journal      = {Fluid Phase Equilibria},
	publisher    = {Elsevier},
	volume       = 231,
	number       = 2,
	pages        = {231--238},
	doi          = {10.1016/j.fluid.2005.01.014},
	issn         = {03783812},
	keywords     = {Activity coefficient,COSMO-RS model,COSMO-SAC model,Equation of state,Method of calculation,Vapor-liquid equilibria}
}
@article{Lim2019,
	title        = {{Delfos: Deep learning model for prediction of solvation free energies in generic organic solvents}},
	author       = {Lim, Hyuntae and Jung, Youn Joon},
	year         = 2019,
	month        = sep,
	journal      = {Chemical Science},
	publisher    = {Royal Society of Chemistry},
	volume       = 10,
	number       = 36,
	pages        = {8306--8315},
	doi          = {10.1039/c9sc02452b},
	issn         = 20416539
}
@article{Klamt1995,
	title        = {{Conductor-like Screening Model for Real Solvents: A New Approach to the Quantitative Calculation of Solvation Phenomena}},
	author       = {Klamt, Andreas},
	year         = 1995,
	month        = feb,
	journal      = {The Journal of Physical Chemistry},
	publisher    = {American Chemical Society},
	volume       = 99,
	number       = 7,
	pages        = {2224--2235},
	doi          = {10.1021/j100007a062},
	issn         = {0022-3654},
	url          = {http://pubs.acs.org/doi/abs/10.1021/j100007a062}
}
@article{Klamt2010,
	title        = {{COSMO-RS: An Alternative to Simulation for Calculating Thermodynamic Properties of Liquid Mixtures}},
	author       = {Klamt, Andreas and Eckert, Frank and Arlt, Wolfgang},
	year         = 2010,
	month        = jun,
	journal      = {Annual Review of Chemical and Biomolecular Engineering},
	publisher    = {Annual Reviews},
	volume       = 1,
	number       = 1,
	pages        = {101--122},
	doi          = {10.1146/annurev-chembioeng-073009-100903},
	issn         = {1947-5438},
	url          = {http://www.annualreviews.org/doi/10.1146/annurev-chembioeng-073009-100903},
	keywords     = {activity coefficients,chemical potentials,ionic liquids,mixture thermodynamics,partition coefficients,solubility}
}
@article{Dechambre2014,
	title        = {{Towards automated characterisation of liquid-liquid equilibria}},
	author       = {Dechambre, D. and Pauls, C. and Greiner, L. and Leonhard, K. and Bardow, A.},
	year         = 2014,
	month        = jan,
	journal      = {Fluid Phase Equilibria},
	volume       = 362,
	pages        = {328--334},
	doi          = {10.1016/j.fluid.2013.10.048},
	issn         = {03783812},
	url          = {https://linkinghub.elsevier.com/retrieve/pii/S0378381213006419},
	keywords     = {Automation,Extraction,Gas chromatography,Liquid-liquid equilibria,Mutual solubility of the solvents}
}
@article{Howat1983,
	title        = {{A procedure for the design of experiments in fluid phase equilibria}},
	author       = {Howat, Colin S. and Swift, George W.},
	year         = 1983,
	month        = jan,
	journal      = {Fluid Phase Equilibria},
	publisher    = {Elsevier},
	volume       = 14,
	number       = {C},
	pages        = {289--301},
	doi          = {10.1016/0378-3812(83)80135-6},
	issn         = {03783812}
}
@article{Barth1998,
	title        = {{(Vapour + liquid) equilibria of (water + dimethylformamide) : Application of the headspace-gas chromatography for the determination of thermodynamic interactions}},
	author       = {Barth, C. and Horst, R. and Wolf, B. A.},
	year         = 1998,
	journal      = {Journal of Chemical Thermodynamics},
	publisher    = {Academic Press},
	volume       = 30,
	number       = 5,
	pages        = {641--652},
	doi          = {10.1006/jcht.1997.0333},
	issn         = {00219614},
	keywords     = {(Vapour + liquid) equilibria,Flory-Huggins interaction parameter,Gibbs energy of mixing,Headspace-gas chromatography,Water + dimethylformamide}
}
@article{Peeva2016,
	title        = {{Continuous Consecutive Reactions with Inter-Reaction Solvent Exchange by Membrane Separation}},
	author       = {Peeva, Ludmila and {Da Silva Burgal}, Joao and Heckenast, Zsofia and Brazy, Florine and Cazenave, Florian and Livingston, Andrew},
	year         = 2016,
	month        = oct,
	journal      = {Angewandte Chemie International Edition},
	publisher    = {Wiley-VCH Verlag},
	volume       = 55,
	number       = 43,
	pages        = {13576--13579},
	doi          = {10.1002/anie.201607795},
	issn         = 14337851,
	url          = {http://doi.wiley.com/10.1002/anie.201607795},
	keywords     = {flow chemistry,homogeneous catalysis,membranes,solvent exchange,synthesis design}
}
@article{Hartman2010,
	title        = {{Multistep Microchemical Synthesis Enabled by Microfluidic Distillation}},
	author       = {Hartman, Ryan L. and Naber, John R. and Buchwald, Stephen L. and Jensen, Klavs F.},
	year         = 2010,
	month        = jan,
	journal      = {Angewandte Chemie International Edition},
	volume       = 49,
	number       = 5,
	pages        = {899--903},
	doi          = {10.1002/anie.200904634},
	issn         = 14337851,
	url          = {http://doi.wiley.com/10.1002/anie.200904634}
}
@article{Baumann2019,
	title        = {{Integrating reactive distillation with continuous flow processing}},
	author       = {Baumann, Marcus},
	year         = 2019,
	month        = feb,
	journal      = {Reaction Chemistry and Engineering},
	publisher    = {Royal Society of Chemistry},
	volume       = 4,
	number       = 2,
	pages        = {368--371},
	doi          = {10.1039/c8re00217g},
	issn         = 20589883
}
@article{Spielberg2019,
	title        = {{Toward self‐driving processes: A deep reinforcement learning approach to control}},
	author       = {Spielberg, Steven and Tulsyan, Aditya and Lawrence, Nathan P. and Loewen, Philip D. and {Bhushan Gopaluni}, R.},
	year         = 2019,
	month        = oct,
	journal      = {AIChE Journal},
	volume       = 65,
	number       = 10,
	doi          = {10.1002/aic.16689},
	issn         = {0001-1541},
	url          = {https://onlinelibrary.wiley.com/doi/abs/10.1002/aic.16689}
}
@article{openai2018,
	title        = {{Learning Dexterous In-Hand Manipulation}},
	author       = {OpenAI and Andrychowicz, Marcin and Baker, Bowen and Chociej, Maciek and Jozefowicz, Rafal and McGrew, Bob and Pachocki, Jakub and Petron, Arthur and Plappert, Matthias and Powell, Glenn and Ray, Alex and Schneider, Jonas and Sidor, Szymon and Tobin, Josh and Welinder, Peter and Weng, Lilian and Zaremba, Wojciech},
	year         = 2018,
	month        = aug,
	url          = {https://youtu. http://arxiv.org/abs/1808.00177},
	archiveprefix = {arXiv},
	arxivid      = {1808.00177},
	eprint       = {1808.00177}
}
@misc{Astrom2006,
	title        = {{Advanced PID control}},
	author       = {Astrom, Karl J. and H{\"{A}}gglund, Tore},
	year         = 2006,
	booktitle    = {IEEE Control Systems},
	publisher    = {ISA},
	address      = {Research Triagle Park, NC},
	volume       = 26,
	number       = 1,
	pages        = 340,
	doi          = {10.1109/MCS.2006.1580160},
	isbn         = 9781556179426,
	issn         = {1066033X}
}
@article{Mnih2016,
	title        = {{Asynchronous Methods for Deep Reinforcement Learning}},
	author       = {Mnih, Volodymyr and Badia, Adri{\`{a}} Puigdom{\`{e}}nech and Mirza, Mehdi and Graves, Alex and Lillicrap, Timothy P. and Harley, Tim and Silver, David and Kavukcuoglu, Koray},
	year         = 2016,
	month        = feb,
	journal      = {33rd International Conference on Machine Learning, ICML 2016},
	publisher    = {International Machine Learning Society (IMLS)},
	volume       = 4,
	pages        = {2850--2869},
	url          = {http://arxiv.org/abs/1602.01783},
	archiveprefix = {arXiv},
	arxivid      = {1602.01783},
	eprint       = {1602.01783}
}
@article{Kofinas2018,
	title        = {{Fuzzy Q-Learning Agent for Online Tuning of PID Controller for DC Motor Speed Control}},
	author       = {Kofinas, Panagiotis and Dounis, Anastasios I.},
	year         = 2018,
	month        = sep,
	journal      = {Algorithms},
	volume       = 11,
	number       = 10,
	pages        = 148,
	doi          = {10.3390/a11100148},
	issn         = {1999-4893},
	url          = {http://www.mdpi.com/1999-4893/11/10/148}
}
@article{Prasad2017,
	title        = {{Research and development spending to bring a single cancer drug to market and revenues after approval}},
	author       = {Prasad, Vinay and Mailankody, Sham},
	year         = 2017,
	month        = nov,
	journal      = {JAMA Internal Medicine},
	publisher    = {American Medical Association},
	volume       = 177,
	number       = 11,
	pages        = {1569--1575},
	doi          = {10.1001/jamainternmed.2017.3601},
	issn         = 21686106,
	keywords     = {antineoplastic agents,drug costs,drug development,drug pricing}
}
@article{Warikoo2012,
	title        = {{Integrated continuous production of recombinant therapeutic proteins}},
	author       = {Warikoo, Veena and Godawat, Rahul and Brower, Kevin and Jain, Sujit and Cummings, Daniel and Simons, Elizabeth and Johnson, Timothy and Walther, Jason and Yu, Marcella and Wright, Benjamin and McLarty, Jean and Karey, Kenneth P. and Hwang, Chris and Zhou, Weichang and Riske, Frank and Konstantinov, Konstantin},
	year         = 2012,
	month        = dec,
	journal      = {Biotechnology and Bioengineering},
	publisher    = {John Wiley {\&} Sons, Ltd},
	volume       = 109,
	number       = 12,
	pages        = {3018--3029},
	doi          = {10.1002/bit.24584},
	issn         = {00063592},
	url          = {http://doi.wiley.com/10.1002/bit.24584},
	keywords     = {Continuous bioprocessing,Continuous capture,Perfusion cell culture,Periodic counter-current chromatography}
}
@article{DeWal2001,
	title        = {{A review of methods for input/output selection}},
	author       = {{Van de Wal}, Marc and de Jager, Bram},
	year         = 2001,
	journal      = {Automatica},
	volume       = 37,
	number       = 4,
	pages        = {487--510},
	url          = {http://www.wfw.wtb.tue.nl/english/research/control/marcw/.Automatica37},
	keywords     = {Control system design,Controllability,Input signals,Observability,Output signals,Relative gain array,Robust control,Structural properties}
}
@article{Terzi2020,
	title        = {{Learning-based predictive control of the cooling system of a large business centre}},
	author       = {Terzi, E. and Bonetti, T. and Saccani, D. and Farina, M. and Fagiano, L. and Scattolini, R.},
	year         = 2020,
	month        = apr,
	journal      = {Control Engineering Practice},
	publisher    = {Elsevier Ltd},
	volume       = 97,
	pages        = 104348,
	doi          = {10.1016/j.conengprac.2020.104348},
	issn         = {09670661},
	keywords     = {Constrained control,Control for energy saving,Cooling station,HVAC systems,Learning-based predictive control,Nonlinear control}
}
@article{Yang2019,
	title        = {{Analyzing Learned Molecular Representations for Property Prediction}},
	author       = {Yang, Kevin and Swanson, Kyle and Jin, Wengong and Coley, Connor and Eiden, Philipp and Gao, Hua and Guzman-Perez, Angel and Hopper, Timothy and Kelley, Brian and Mathea, Miriam and Palmer, Andrew and Settels, Volker and Jaakkola, Tommi and Jensen, Klavs and Barzilay, Regina},
	year         = 2019,
	month        = aug,
	journal      = {Journal of Chemical Information and Modeling},
	publisher    = {American Chemical Society},
	volume       = 59,
	number       = 8,
	pages        = {3370--3388},
	doi          = {10.1021/acs.jcim.9b00237},
	issn         = {1549-9596},
	url          = {https://pubs.acs.org/doi/10.1021/acs.jcim.9b00237},
	archiveprefix = {arXiv},
	arxivid      = {1904.01561},
	eprint       = {1904.01561}
}
@misc{Baxendale2013,
	title        = {{The integration of flow reactors into synthetic organic chemistry}},
	author       = {Baxendale, Ian R.},
	year         = 2013,
	month        = apr,
	booktitle    = {Journal of Chemical Technology and Biotechnology},
	publisher    = {John Wiley {\&} Sons, Ltd},
	volume       = 88,
	number       = 4,
	pages        = {519--552},
	doi          = {10.1002/jctb.4012},
	issn         = {02682575},
	keywords     = {Automation,Flow chemistry,Heterocycles,Organic synthesis,Review,Technology}
}
@inproceedings{Hausknecht2015,
	title        = {{Deep recurrent q-learning for partially observable MDPs}},
	author       = {Hausknecht, Matthew and Stone, Peter},
	year         = 2015,
	month        = jul,
	booktitle    = {AAAI Fall Symposium - Technical Report},
	publisher    = {AI Access Foundation},
	volume       = {FS-15-06},
	pages        = {29--37},
	isbn         = 9781577357520,
	archiveprefix = {arXiv},
	arxivid      = {1507.06527},
	eprint       = {1507.06527}
}
@inproceedings{Bakker2002,
	title        = {{Reinforcement learning with long short-term memory}},
	author       = {Bakker, Bram},
	year         = 2002,
	booktitle    = {Advances in neural information processing systems},
	pages        = {1475--1482},
	url          = {https://papers.nips.cc/paper/1953-reinforcement-learning-with-long-short-term-memory.pdf}
}
@article{Taylor2009,
	title        = {{Transfer learning for reinforcement learning domains: A survey}},
	author       = {Taylor, Matthew E and Stone, Peter},
	year         = 2009,
	journal      = {Journal of Machine Learning Research},
	volume       = 10,
	pages        = {1633--1685},
	issn         = 15324435,
	keywords     = {Multi-task learning,Reinforcement learning,Transfer learning}
}
@article{Schweidtmann2020,
	title        = {{Graph Neural Networks for Prediction of Fuel Ignition Quality}},
	author       = {Schweidtmann, Artur and Rittig, Jan and K{\"{o}}nig, Andrea and Grohe, Martin and Mitsos, Alexander and Dahmen, Manuel},
	year         = 2020,
	doi          = {10.26434/CHEMRXIV.12280325.V1},
	keywords     = {auto-ignition,deep learning,derived cetane number (DCN),fuels,machine learning,motor octane number (MON),research octane number (RON)}
}
@article{Sivaraman2019,
	title        = {{A diversified machine learning strategy for predicting and understanding molecular melting points}},
	author       = {Sivaraman, Ganesh and Jackson, Nicholas E and Sanchez-Lengeling, Benjamin and V{\'{a}}zquez-Mayagoitia, Alvaro and Aspuru-Guzik, Al{\'{a}}n and Vishwanath, Venkatram and {De Pablo}, Juan J},
	year         = 2019,
	month        = sep,
	publisher    = {ChemRxiv},
	number       = 1,
	pages        = {1--42},
	doi          = {10.26434/chemrxiv.9914378.v1},
	keywords     = {Active Learning Methodologies,Generative model,drug molecule,machine Learning Predictions,thermophysical property,uncertainties,unsupervised method}
}
@article{Jirasek2020,
	title        = {{Machine Learning in Thermodynamics: Prediction of Activity Coefficients by Matrix Completion}},
	author       = {Jirasek, Fabian and Alves, Rodrigo A.S. and Damay, Julie and Vandermeulen, Robert A. and Bamler, Robert and Bortz, Michael and Mandt, Stephan and Kloft, Marius and Hasse, Hans},
	year         = 2020,
	month        = feb,
	journal      = {Journal of Physical Chemistry Letters},
	publisher    = {American Chemical Society},
	volume       = 11,
	number       = 3,
	pages        = {981--985},
	doi          = {10.1021/acs.jpclett.9b03657},
	issn         = 19487185
}
@article{Fabro2005,
	title        = {{Startup of a distillation column using intelligent control techniques}},
	author       = {Fabro, Jo{\~{a}}o Alberto and Arruda, L.V.R. and Neves, Fl{\'{a}}vio},
	year         = 2005,
	month        = dec,
	journal      = {Computers {\&} Chemical Engineering},
	publisher    = {Elsevier Ltd},
	volume       = 30,
	number       = 2,
	pages        = {309--320},
	doi          = {10.1016/j.compchemeng.2005.09.012},
	issn         = {00981354},
	url          = {https://linkinghub.elsevier.com/retrieve/pii/S0098135405002474},
	keywords     = {Distillation column,Fuzzy control,Genetic algorithms,Neural networks,Startup operation}
}
@article{Grubinger2016,
	title        = {{Generalized Online Transfer Learning for Climate Control in Residential Buildings}},
	author       = {Grubinger, Thomas and Chasparis, Georgios and Natschlaeger, Thomas},
	year         = 2016,
	month        = oct,
	url          = {http://arxiv.org/abs/1610.04042},
	archiveprefix = {arXiv},
	arxivid      = {1610.04042},
	eprint       = {1610.04042}
}
@misc{Adchem,
	title        = {{ADChem Symposium}},
	year         = 2021,
	month        = jul,
	url          = {https://www.adchem2021.org/symposium},
	note         = {[Online; accessed 9. Jun. 2020]}
}
@article{Schaepertoens2016,
	title        = {{Solvent recycle with imperfect membranes: A semi-continuous workaround for diafiltration}},
	author       = {Schaepertoens, Marc and Didaskalou, Christos and Kim, Jeong F. and Livingston, Andrew G. and Szekely, Gyorgy},
	year         = 2016,
	month        = sep,
	journal      = {Journal of Membrane Science},
	publisher    = {Elsevier},
	volume       = 514,
	pages        = {646--658},
	doi          = {10.1016/j.memsci.2016.04.056},
	issn         = {03767388},
	url          = {https://linkinghub.elsevier.com/retrieve/pii/S0376738816302940},
	keywords     = {Membrane cascade,Organic solvent nanofiltration,Solvent consumption,Solvent recovery,Sustainability}
}
@inproceedings{Swersky2013,
	title        = {{Multi-Task Bayesian Optimization}},
	author       = {Swersky, Kevin and Snoek, Jasper and Adams, Ryan P},
	year         = 2013,
	booktitle    = {NIPS Proc.},
	pages        = {2004--2012},
	url          = {http://papers.neurips.cc/paper/5086-multi-task-bayesian-optimization}
}
@article{Nixon2009,
	title        = {{Transition metal catalysed reactions of alcohols using borrowing hydrogen methodology}},
	author       = {Nixon, Tracy D. and Whittlesey, Michael K. and Williams, Jonathan M. J.},
	year         = 2009,
	month        = feb,
	journal      = {Dalton Trans.},
	publisher    = {The Royal Society of Chemistry},
	number       = 5,
	pages        = {753--762},
	doi          = {10.1039/B813383B},
	issn         = {1477-9226}
}
@article{Leonard2015,
	title        = {{A Survey of the Borrowing Hydrogen Approach to the Synthesis of some Pharmaceutically Relevant Intermediates}},
	author       = {Leonard, John and Blacker, A. John and Marsden, Stephen P. and Jones, Martin F. and Mulholland, Keith R. and Newton, Rebecca},
	year         = 2015,
	month        = oct,
	journal      = {Org. Process Res. Dev.},
	publisher    = {American Chemical Society},
	volume       = 19,
	number       = 10,
	pages        = {1400--1410},
	doi          = {10.1021/acs.oprd.5b00199},
	issn         = {1083-6160}
}
@article{Labes2019,
	title        = {{Fast continuous alcohol amination employing a hydrogen borrowing protocol}},
	author       = {Labes, Ricardo and Mateos, Carlos and Battilocchio, Claudio and Chen, Yiding and Dingwall, Paul and Cumming, Graham R. and Rinc{\ifmmode\acute{o}\else\'{o}\fi}n, Juan A. and Nieves-Remacha, Maria Jos{\ifmmode\acute{e}\else\'{e}\fi} and Ley, Steven V.},
	year         = 2019,
	month        = jan,
	journal      = {Green Chem.},
	publisher    = {The Royal Society of Chemistry},
	volume       = 21,
	number       = 1,
	pages        = {59--63},
	doi          = {10.1039/C8GC03328E},
	issn         = {1463-9262}
}
@article{Bruno2013,
	title        = {{Design and preparation of new palladium precatalysts for C-C and C-N cross-coupling reactions}},
	author       = {Bruno, Nicholas C. and Tudge, Matthew T. and Buchwald, Stephen L.},
	year         = 2013,
	journal      = {Chem. Sci.},
	volume       = 4,
	number       = 3,
	pages        = {916--920},
	doi          = {10.1039/c2sc20903a},
	issn         = 20416520,
	pmid         = 23667737
}
@article{Brown2016,
	title        = {{Analysis of Past and Present Synthetic Methodologies on Medicinal Chemistry: Where Have All the New Reactions Gone?}},
	author       = {Brown, Dean G. and Bostr{\"{o}}m, Jonas},
	year         = 2016,
	journal      = {J. Med. Chem.},
	volume       = 59,
	number       = 10,
	pages        = {4443--4458},
	doi          = {10.1021/acs.jmedchem.5b01409},
	issn         = 15204804,
	pmid         = 26571338
}
@article{Hase2020,
	title        = {{Gryffin: An algorithm for Bayesian optimization for categorical variables informed by physical intuition with applications to chemistry}},
	author       = {H{\"{a}}se, Florian and Roch, Lo{\"{i}}c M. and Aspuru-Guzik, Al{\'{a}}n},
	year         = 2020,
	journal      = {arXiv preprint},
	pages        = {arXiv: 2003.12127},
	arxivid      = {2003.12127}
}
@article{Christensen2021,
	title        = {Data-science driven autonomous process optimization},
	author       = {Melodie Christensen and Lars P. E. Yunker and Folarin Adedeji and Florian H\"{a}se and Loïc M. Roch and Tobias Gensch and Gabriel dos Passos Gomes and Tara Zepel and Matthew S. Sigman and Al{\'{a}}n Aspuru-Guzik and Jason E. Hein},
	year         = 2021,
	month        = aug,
	journal      = {Communications Chemistry},
	publisher    = {Springer Science and Business Media {LLC}},
	volume       = 4,
	number       = 1,
	doi          = {10.1038/s42004-021-00550-x},
	url          = {https://doi.org/10.1038/s42004-021-00550-x}
}
@article{Shields2021,
	title        = {{Bayesian reaction optimization as a tool for chemical synthesis}},
	author       = {Shields, Benjamin J. and Stevens, Jason and Li, Jun and Parasram, Marvin and Damani, Farhan and Alvarado, Jesus I. Martinez and Janey, Jacob M. and Adams, Ryan P. and Doyle, Abigail G.},
	year         = 2021,
	month        = feb,
	journal      = {Nature},
	publisher    = {Nature Publishing Group},
	volume       = 590,
	pages        = {89--96},
	doi          = {10.1038/s41586-021-03213-y},
	issn         = {1476-4687}
}
@article{Schwaller2020,
	title        = {{Prediction of Chemical Reaction Yields using Deep Learning}},
	author       = {Schwaller, Philippe and Vaucher, Alain C. and Laino, Teodoro and Reymond, Jean-Louis},
	year         = 2020,
	month        = oct,
	journal      = {figshare},
	publisher    = {ChemRxiv},
	doi          = {10.26434/chemrxiv.12758474.v2}
}
@article{Sadawi2019,
	title        = {{Multi-task learning with a natural metric for quantitative structure activity relationship learning}},
	author       = {Sadawi, Noureddin and Olier, Ivan and Vanschoren, Joaquin and {Van Rijn}, Jan N. and Besnard, Jeremy and Bickerton, Richard and Grosan, Crina and Soldatova, Larisa and King, Ross D.},
	year         = 2019,
	month        = nov,
	journal      = {J. Cheminform.},
	publisher    = {BioMed Central Ltd.},
	volume       = 11,
	number       = 1,
	pages        = 68,
	doi          = {10.1186/s13321-019-0392-1},
	issn         = 17582946,
	url          = {https://jcheminf.biomedcentral.com/articles/10.1186/s13321-019-0392-1},
	keywords     = {Multi-task learning,Quantitative structure activity relationship,Random forest,Sequence-based similarity}
}
@article{Ramsundar2017,
	title        = {{Is Multitask Deep Learning Practical for Pharma?}},
	author       = {Ramsundar, Bharath and Liu, Bowen and Wu, Zhenqin and Verras, Andreas and Tudor, Matthew and Sheridan, Robert P. and Pande, Vijay},
	year         = 2017,
	month        = aug,
	journal      = {J. Chem. Inf. Model.},
	publisher    = {American Chemical Society},
	volume       = 57,
	number       = 8,
	pages        = {2068--2076},
	doi          = {10.1021/acs.jcim.7b00146},
	issn         = 15205142,
	url          = {https://pubs.acs.org/sharingguidelines},
	pmid         = 28692267
}
@article{Ramsundar2015,
	title        = {{Massively Multitask Networks for Drug Discovery}},
	author       = {Ramsundar, Bharath and Kearnes, Steven and Riley, Patrick and Webster, Dale and Konerding, David and Pande, Vijay},
	year         = 2015,
	number       = {Icml},
	url          = {http://arxiv.org/abs/1502.02072},
	archiveprefix = {arXiv},
	arxivid      = {1502.02072},
	eprint       = {1502.02072}
}
@article{Struble2020,
	title        = {{Multitask prediction of site selectivity in aromatic C-H functionalization reactions}},
	author       = {Struble, Thomas J. and Coley, Connor W. and Jensen, Klavs F.},
	year         = 2020,
	journal      = {React. Chem. Eng.},
	publisher    = {Royal Society of Chemistry},
	volume       = 5,
	number       = 5,
	pages        = {896--902},
	doi          = {10.1039/d0re00071j},
	issn         = 20589883
}
@article{Pesciullesi2020,
	title        = {{Transfer learning enables the molecular transformer to predict regio- and stereoselective reactions on carbohydrates}},
	author       = {Pesciullesi, Giorgio and Schwaller, Philippe and Laino, Teodoro and Reymond, Jean Louis},
	year         = 2020,
	month        = dec,
	journal      = {Nat. Commun.},
	publisher    = {Nature Research},
	volume       = 11,
	number       = 1,
	pages        = {1--8},
	doi          = {10.1038/s41467-020-18671-7},
	issn         = 20411723,
	url          = {https://doi.org/10.1038/s41467-020-18671-7},
	keywords     = {Carbohydrate chemistry,Cheminformatics,Natural product synthesis},
	pmid         = 32978395
}
@article{Hakhamaneshi2021,
	title        = {{JUMBO: Scalable Multi-task Bayesian Optimization using Offline Data}},
	author       = {Hakhamaneshi, Kourosh and Abbeel, Pieter and Stojanovic, Vladimir and Grover, Aditya},
	year         = 2021,
	url          = {http://arxiv.org/abs/2106.00942},
	archiveprefix = {arXiv},
	arxivid      = {2106.00942},
	eprint       = {2106.00942}
}
@article{Perrone2018,
	title        = {{Scalable hyperparameter transfer learning}},
	author       = {Perrone, Valerio and Jenatton, Rodolphe and Seeger, Matthias and Archambeau, C{\'{e}}dric},
	year         = 2018,
	journal      = {Adv. Neural Inf. Process. Syst.},
	volume       = {2018-December},
	number       = {NeurIPS},
	pages        = {6845--6855},
	issn         = 10495258
}
@article{Perdikaris2016,
	title        = {{Model inversion via multi-fidelity Bayesian optimization: A new paradigm for parameter estimation in haemodynamics, and beyond}},
	author       = {Perdikaris, Paris and Karniadakis, George Em},
	year         = 2016,
	journal      = {J. R. Soc. Interface},
	volume       = 13,
	number       = 118,
	doi          = {10.1098/rsif.2015.1107},
	issn         = 17425662,
	keywords     = {Bayesian optimization,Blood flow simulations,Inverse problems,Machine learning,Multi-fidelity modelling,Outflow conditions},
	pmid         = 27194481
}
@article{Steiner2019,
	title        = {{Organic synthesis in a modular robotic system driven by a chemical programming language}},
	author       = {Steiner, Sebastian and Wolf, Jakob and Glatzel, Stefan and Andreou, Anna and Granda, Jaros{\l}aw M and Keenan, Graham and Hinkley, Trevor and Aragon-Camarasa, Gerardo and Kitson, Philip J and Angelone, Davide and Cronin, Leroy},
	year         = 2019,
	month        = jan,
	journal      = {Science (80-. ).},
	publisher    = {American Association for the Advancement of Science},
	volume       = 363,
	number       = 6423,
	pages        = {eaav2211},
	doi          = {10.1126/science.aav2211},
	issn         = {0036-8075},
	url          = {http://www.sciencemag.org/lookup/doi/10.1126/science.aav2211},
	pmid         = 30498165
}
@article{Ling2017,
	title        = {{High-Dimensional Materials and Process Optimization Using Data-Driven Experimental Design with Well-Calibrated Uncertainty Estimates}},
	author       = {Ling, Julia and Hutchinson, Maxwell and Antono, Erin and Paradiso, Sean and Meredig, Bryce},
	year         = 2017,
	journal      = {Integr. Mater. Manuf. Innov.},
	volume       = 6,
	number       = 3,
	pages        = {207--217},
	doi          = {10.1007/s40192-017-0098-z},
	issn         = 21939772,
	archiveprefix = {arXiv},
	arxivid      = {1704.07423},
	eprint       = {1704.07423},
	keywords     = {Active learning,Experimental design,Machine learning,Sequential design,Uncertainty quantification}
}
@article{Soleimany2021,
	title        = {{Evidential Deep Learning for Guided Molecular Property Prediction and Discovery}},
	author       = {Soleimany, Ava P. and Amini, Alexander and Goldman, Samuel and Rus, Daniela and Bhatia, Sangeeta N. and Coley, Connor W.},
	year         = 2021,
	month        = jul,
	journal      = {ACS Cent. Sci.},
	publisher    = {American Chemical Society},
	doi          = {10.1021/ACSCENTSCI.1C00546},
	url          = {https://pubs.acs.org/doi/abs/10.1021/acscentsci.1c00546}
}
@book{Rasmussen2006,
	title        = {{Gaussian Processes for Machine Learning}},
	author       = {Rasmussen, Carl Edward. and Williams, Christopher K. I.},
	year         = 2006,
	publisher    = {MIT Press},
	pages        = 248,
	isbn         = {026218253X},
	url          = {http://www.gaussianprocess.org/gpml/}
}
@software{ord,
	title        = {ORD},
	author       = {{Coley, Connor and Doyle, Abbey and Dreher, Spencer and Hawkins, Joel and Jensen, Klavs and Kearnes, Steven}},
	url          = {https://open-reaction-database.org/},
	date         = {2021-09-05}
}
@article{Simes2018,
	title        = {Transfer and Multi-task Learning in {QSAR} Modeling: Advances and Challenges},
	author       = {Rodolfo S. Sim{\~{o}}es and Vinicius G. Maltarollo and Patricia R. Oliveira and Kathia M. Honorio},
	year         = 2018,
	month        = feb,
	journal      = {Frontiers in Pharmacology},
	publisher    = {Frontiers Media {SA}},
	volume       = 9,
	doi          = {10.3389/fphar.2018.00074},
	url          = {https://doi.org/10.3389/fphar.2018.00074}
}
@inproceedings{Duan2020,
	title        = {{NGBoost: Natural gradient boosting for probabilistic prediction}},
	author       = {Duan, Tony and Avati, Anand and Ding, Daisy Yi and Thai, Khanh K and Basu, Sanjay and Ng, Andrew and Schuler, Alejandro},
	year         = 2020,
	booktitle    = {37th Int. Conf. Mach. Learn. ICML 2020},
	pages        = {2670--2680},
	isbn         = 9781713821120,
	archiveprefix = {arXiv},
	arxivid      = {1910.03225},
	eprint       = {1910.03225}
}
@article{Moine2017,
	title        = {Estimation of Solvation Quantities from Experimental Thermodynamic Data: Development of the Comprehensive {CompSol} Databank for Pure and Mixed Solutes},
	author       = {Edouard Moine and Romain Privat and Baptiste Sirjean and Jean-Noël Jaubert},
	year         = 2017,
	month        = sep,
	publisher    = {{AIP} Publishing},
	volume       = 46,
	number       = 3,
	pages        = {033102},
	doi          = {10.1063/1.5000910},
	url          = {https://doi.org/10.1063/1.5000910}
}
@article{Vermeire2021,
	title        = {Transfer learning for solvation free energies: From quantum chemistry to experiments},
	author       = {Florence H. Vermeire and William H. Green},
	year         = 2021,
	month        = aug,
	publisher    = {Elsevier {BV}},
	volume       = 418,
	pages        = 129307,
	doi          = {10.1016/j.cej.2021.129307},
	url          = {https://doi.org/10.1016/j.cej.2021.129307}
}
@article{2011,
	title        = {The {COSMO} and {COSMO}-{RS} solvation models},
	author       = {Andreas Klamt},
	year         = 2011,
	month        = apr,
	publisher    = {Wiley},
	volume       = 1,
	number       = 5,
	pages        = {699--709},
	doi          = {10.1002/wcms.56},
	url          = {https://doi.org/10.1002/wcms.56}
}
@software{pyautogui,
	title        = {PyAutoGUI},
	author       = {{Sweigart, Al}},
	year         = 2021,
	url          = {https://github.com/asweigart/pyautogui}
}
@article{Nami2011,
	title        = {Prediction of activity coefficients at infinite dilution for organic solutes in ionic liquids by artificial neural network},
	author       = {Faezeh Nami and Farzad Deyhimi},
	year         = 2011,
	month        = jan,
	publisher    = {Elsevier {BV}},
	volume       = 43,
	number       = 1,
	pages        = {22--27},
	doi          = {10.1016/j.jct.2010.07.011},
	url          = {https://doi.org/10.1016/j.jct.2010.07.011}
}
@article{Urata2002,
	title        = {Prediction of vapor{\textendash}liquid equilibrium for binary systems containing {HFEs} by using artificial neural network},
	author       = {Shingo Urata and Akira Takada and Junji Murata and Toshihiko Hiaki and Akira Sekiya},
	year         = 2002,
	month        = jun,
	publisher    = {Elsevier {BV}},
	volume       = 199,
	number       = {1-2},
	pages        = {63--78},
	doi          = {10.1016/s0378-3812(01)00814-7},
	url          = {https://doi.org/10.1016/s0378-3812(01)00814-7}
}
@article{Behrooz2017,
	title        = {Prediction of limiting activity coefficients for binary vapor-liquid equilibrium using neural networks},
	author       = {Hesam Ahmadian Behrooz and R. Bozorgmehry Boozarjomehry},
	year         = 2017,
	month        = feb,
	journal      = {Fluid Phase Equilibria},
	publisher    = {Elsevier {BV}},
	volume       = 433,
	pages        = {174--183},
	doi          = {10.1016/j.fluid.2016.10.033},
	url          = {https://doi.org/10.1016/j.fluid.2016.10.033}
}
@article{RamirezBeltran2009,
	title        = {A neural network approach to predict activity coefficients},
	author       = {Nazario D. Ram{\'{\i}}rez-Beltr{\'{a}}n and Harry Rodr{\'{\i}}guez Vall{\'{e}}s and L. Antonio Est{\'{e}}vez and Horacio Duarte},
	year         = 2009,
	month        = sep,
	publisher    = {Wiley},
	volume       = 87,
	number       = 5,
	pages        = {748--760},
	doi          = {10.1002/cjce.20212},
	url          = {https://doi.org/10.1002/cjce.20212}
}
@article{Fredenslund1975,
	title        = {Group-contribution estimation of activity coefficients in nonideal liquid mixtures},
	author       = {Aage Fredenslund and Russell L. Jones and John M. Prausnitz},
	year         = 1975,
	month        = nov,
	journal      = {AiChE Journal},
	publisher    = {Wiley},
	volume       = 21,
	number       = 6,
	pages        = {1086--1099},
	doi          = {10.1002/aic.690210607},
	url          = {https://doi.org/10.1002/aic.690210607}
}
@inproceedings{Duvenaud2015,
	title        = {Convolutional Networks on Graphs for Learning Molecular Fingerprints},
	author       = {Duvenaud, David K and Maclaurin, Dougal and Iparraguirre, Jorge and Bombarell, Rafael and Hirzel, Timothy and Aspuru-Guzik, Alan and Adams, Ryan P},
	year         = 2015,
	booktitle    = {Advances in Neural Information Processing Systems},
	publisher    = {Curran Associates, Inc.},
	volume       = 28,
	url          = {https://proceedings.neurips.cc/paper/2015/file/f9be311e65d81a9ad8150a60844bb94c-Paper.pdf},
	editor       = {C. Cortes and N. Lawrence and D. Lee and M. Sugiyama and R. Garnett}
}
@article{Kearnes2016,
	title        = {Molecular graph convolutions: moving beyond fingerprints},
	author       = {Steven Kearnes and Kevin McCloskey and Marc Berndl and Vijay Pande and Patrick Riley},
	year         = 2016,
	month        = aug,
	publisher    = {Springer Science and Business Media {LLC}},
	volume       = 30,
	number       = 8,
	pages        = {595--608},
	doi          = {10.1007/s10822-016-9938-8},
	url          = {https://doi.org/10.1007/s10822-016-9938-8}
}
@article{Butina1999,
	title        = {Unsupervised Data Base Clustering Based on Daylight{\textquotesingle}s Fingerprint and Tanimoto Similarity: A Fast and Automated Way To Cluster Small and Large Data Sets},
	author       = {Darko Butina},
	year         = 1999,
	month        = jun,
	journal      = {Journal of Chemical Information and Computer Science},
	publisher    = {American Chemical Society ({ACS})},
	volume       = 39,
	number       = 4,
	pages        = {747--750},
	doi          = {10.1021/ci9803381},
	url          = {https://doi.org/10.1021/ci9803381}
}
@article{Vaswani2017,
	title        = {Attention is All you Need},
	author       = {Vaswani, Ashish and Shazeer, Noam and Parmar, Niki and Uszkoreit, Jakob and Jones, Llion and Gomez, Aidan N and Kaiser, \L ukasz and Polosukhin, Illia},
	year         = 2017,
	booktitle    = {Advances in Neural Information Processing Systems},
	publisher    = {Curran Associates, Inc.},
	volume       = 30,
	url          = {https://proceedings.neurips.cc/paper/2017/file/3f5ee243547dee91fbd053c1c4a845aa-Paper.pdf},
	editor       = {I. Guyon and U. V. Luxburg and S. Bengio and H. Wallach and R. Fergus and S. Vishwanathan and R. Garnett}
}
@article{Kovacs2021,
	title        = {Quantitative interpretation explains machine learning models for chemical reaction prediction and uncovers bias},
	author       = {D{\'{a}}vid P{\'{e}}ter Kov{\'{a}}cs and William McCorkindale and Alpha A. Lee},
	year         = 2021,
	month        = mar,
	publisher    = {Springer Science and Business Media {LLC}},
	volume       = 12,
	number       = 1,
	doi          = {10.1038/s41467-021-21895-w},
	url          = {https://doi.org/10.1038/s41467-021-21895-w}
}
@article{Renon1968,
	title        = {Local compositions in thermodynamic excess functions for liquid mixtures},
	author       = {Henri Renon and J. M. Prausnitz},
	year         = 1968,
	month        = jan,
	publisher    = {Wiley},
	volume       = 14,
	number       = 1,
	pages        = {135--144},
	doi          = {10.1002/aic.690140124},
	url          = {https://doi.org/10.1002/aic.690140124}
}
@article{Rogers2010,
	title        = {Extended-Connectivity Fingerprints},
	author       = {David Rogers and Mathew Hahn},
	year         = 2010,
	month        = apr,
	publisher    = {American Chemical Society ({ACS})},
	volume       = 50,
	number       = 5,
	pages        = {742--754},
	doi          = {10.1021/ci100050t},
	url          = {https://doi.org/10.1021/ci100050t}
}
@article{Holler2019,
	title        = {Parameter Estimation Strategies in Thermodynamics},
	author       = {Johannes H\"{o}ller and Patricia Bickert and Patrick Schwartz and Martin von Kurnatowski and Joachim Kerber and Niklaus K\"{u}nzle and Hilke-Marie Lorenz and Norbert Asprion and Sergej Blagov and Michael Bortz},
	year         = 2019,
	month        = jun,
	journal      = {chemengineering},
	publisher    = {{MDPI} {AG}},
	volume       = 3,
	number       = 2,
	pages        = 56,
	doi          = {10.3390/chemengineering3020056},
	url          = {https://doi.org/10.3390/chemengineering3020056}
}
@software{newville2014,
	title        = {{LMFIT: Non-Linear Least-Square Minimization and Curve-Fitting for Python}},
	author       = {Newville, Matthew and Stensitzki, Till and Allen, Daniel B. and Ingargiola,  Antonino},
	year         = 2014,
	month        = sep,
	publisher    = {Zenodo},
	doi          = {10.5281/zenodo.11813},
	url          = {https://doi.org/10.5281/zenodo.11813},
	version      = {0.8.0}
}
@inproceedings{Moritz2018,
	title        = {Ray: A Distributed Framework for Emerging {AI} Applications},
	author       = {Philipp Moritz and Robert Nishihara and Stephanie Wang and Alexey Tumanov and Richard Liaw and Eric Liang and Melih Elibol and Zongheng Yang and William Paul and Michael I. Jordan and Ion Stoica},
	year         = 2018,
	month        = oct,
	booktitle    = {13th {USENIX} Symposium on Operating Systems Design and Implementation ({OSDI} 18)},
	publisher    = {{USENIX} Association},
	address      = {Carlsbad, CA},
	pages        = {561--577},
	isbn         = {978-1-939133-08-3},
	url          = {https://www.usenix.org/conference/osdi18/presentation/moritz}
}
@inproceedings{Gilmer2017,
	title        = {Neural Message Passing for Quantum Chemistry},
	author       = {Gilmer, Justin and Schoenholz, Samuel S. and Riley, Patrick F. and Vinyals, Oriol and Dahl, George E.},
	year         = 2017,
	booktitle    = {Proceedings of the 34th International Conference on Machine Learning - Volume 70},
	location     = {Sydney, NSW, Australia},
	publisher    = {JMLR.org},
	series       = {ICML'17},
	pages        = {1263–1272},
	numpages     = 10
}
@article{VanBreugel2020,
	title        = {Numerical Differentiation of Noisy Data: A Unifying Multi-Objective Optimization Framework},
	author       = {Floris Van Van Breugel and J. Nathan Kutz and Bingni W. Brunton},
	year         = 2020,
	journal      = {{IEEE} Access},
	publisher    = {Institute of Electrical and Electronics Engineers ({IEEE})},
	volume       = 8,
	pages        = {196865--196877},
	doi          = {10.1109/access.2020.3034077},
	url          = {https://doi.org/10.1109/access.2020.3034077}
}
@article{Chartrand2011,
	title        = {Numerical Differentiation of Noisy,  Nonsmooth Data},
	author       = {Rick Chartrand},
	year         = 2011,
	month        = may,
	journal      = {{ISRN} Applied Mathematics},
	publisher    = {Hindawi Limited},
	volume       = 2011,
	pages        = {1--11},
	doi          = {10.5402/2011/164564},
	url          = {https://doi.org/10.5402/2011/164564}
}
@article{Kearnes2021,
	title        = {The Open Reaction Database},
	author       = {Steven M. Kearnes and Michael R. Maser and Michael Wleklinski and Anton Kast and Abigail G. Doyle and Spencer D. Dreher and Joel M. Hawkins and Klavs F. Jensen and Connor W. Coley},
	year         = 2021,
	month        = nov,
	journal      = {Journal of the American Chemical Society},
	publisher    = {American Chemical Society ({ACS})},
	volume       = 143,
	number       = 45,
	pages        = {18820--18826},
	doi          = {10.1021/jacs.1c09820},
	url          = {https://doi.org/10.1021/jacs.1c09820}
}
@article{Routh1977,
	title        = {Performance of the Super Modified Simplex},
	author       = {M. W. Routh and P. A. Swartz and M. B. Denton},
	year         = 1977,
	month        = aug,
	journal      = {Analytical Chemistry},
	publisher    = {American Chemical Society ({ACS})},
	volume       = 49,
	number       = 9,
	pages        = {1422--1428},
	doi          = {10.1021/ac50017a033},
	url          = {https://doi.org/10.1021/ac50017a033}
}
@article{Manson2021,
	title        = {{MVMOO}: Mixed variable multi-objective optimisation},
	author       = {Jamie A. Manson and Thomas W. Chamberlain and Richard A. Bourne},
	year         = 2021,
	month        = jul,
	journal      = {Journal of Global Optimization},
	publisher    = {Springer Science and Business Media {LLC}},
	volume       = 80,
	number       = 4,
	pages        = {865--886},
	doi          = {10.1007/s10898-021-01052-9},
	url          = {https://doi.org/10.1007/s10898-021-01052-9}
}
@article{Hase2021,
	title        = {Gryffin: An algorithm for Bayesian optimization of categorical variables informed by expert knowledge},
	author       = {Florian H\"{a}se and Matteo Aldeghi and Riley J. Hickman and Loïc M. Roch and Al{\'{a}}n Aspuru-Guzik},
	year         = 2021,
	month        = sep,
	journal      = {Applied Physics Reviews},
	publisher    = {{AIP} Publishing},
	volume       = 8,
	number       = 3,
	pages        = {031406},
	doi          = {10.1063/5.0048164},
	url          = {https://doi.org/10.1063/5.0048164}
}
@article{Hickman2022,
	title        = {Equipping data-driven experiment planning for Self-driving Laboratories with semantic memory: case studies of transfer learning in chemical reaction optimization},
	author       = {Riley Hickman and Jurgis Ru{\v{z}}a and Loïc Roch and Hermann Tribukait and Alberto Garc{\'{\i}}a-Dur{\'{a}}n},
	year         = 2022,
	month        = may,
	publisher    = {American Chemical Society ({ACS})},
	doi          = {10.26434/chemrxiv-2022-jt4sm},
	url          = {https://doi.org/10.26434/chemrxiv-2022-jt4sm}
}
@article{Pomberger2023,
	title        = {Automated {pH} Adjustment Driven by Robotic Workflows and Active Machine Learning},
	author       = {A. Pomberger and N. Jose and D. Walz and J. Meissner and C. Holze and M. Kopczynski and P. M\"{u}ller-Bischof and A.A. Lapkin},
	year         = 2023,
	month        = jan,
	journal      = {Chemical Engineering Journal},
	publisher    = {Elsevier {BV}},
	volume       = 451,
	pages        = 139099,
	doi          = {10.1016/j.cej.2022.139099},
	url          = {https://doi.org/10.1016/j.cej.2022.139099}
}
@inproceedings{Bonilla2007,
	title        = {Multi-task Gaussian Process Prediction},
	author       = {Bonilla, Edwin V and Chai, Kian and Williams, Christopher},
	year         = 2007,
	booktitle    = {Advances in Neural Information Processing Systems},
	publisher    = {Curran Associates, Inc.},
	volume       = 20,
	url          = {https://proceedings.neurips.cc/paper/2007/file/66368270ffd51418ec58bd793f2d9b1b-Paper.pdf},
	editor       = {J. Platt and D. Koller and Y. Singer and S. Roweis}
}
@inproceedings{Snoek2012,
	title        = {Practical Bayesian Optimization of Machine Learning Algorithms},
	author       = {Snoek, Jasper and Larochelle, Hugo and Adams, Ryan P},
	year         = 2012,
	booktitle    = {Advances in Neural Information Processing Systems},
	publisher    = {Curran Associates, Inc.},
	volume       = 25,
	url          = {https://proceedings.neurips.cc/paper/2012/file/05311655a15b75fab86956663e1819cd-Paper.pdf},
	editor       = {F. Pereira and C.J. Burges and L. Bottou and K.Q. Weinberger}
}
@article{Gross2001,
	title        = {Perturbed-Chain {SAFT}:{\hspace{0.167em}} An Equation of State Based on a Perturbation Theory for Chain Molecules},
	author       = {Joachim Gross and Gabriele Sadowski},
	year         = 2001,
	month        = jan,
	journal      = {Industrial {\&} Engineering Chemistry Research},
	publisher    = {American Chemical Society ({ACS})},
	volume       = 40,
	number       = 4,
	pages        = {1244--1260},
	doi          = {10.1021/ie0003887},
	url          = {https://doi.org/10.1021/ie0003887}
}
@article{Gross2006,
	title        = {An equation-of-state contribution for polar components: Dipolar molecules},
	author       = {Joachim Gross and Jadran Vrabec},
	year         = 2006,
	journal      = {{AIChE} Journal},
	publisher    = {Wiley},
	volume       = 52,
	number       = 3,
	pages        = {1194--1204},
	doi          = {10.1002/aic.10683},
	url          = {https://doi.org/10.1002/aic.10683}
}
@article{Chapman1986,
	title        = {Theory and simulation of associating liquid mixtures},
	author       = {W.G. Chapman and K.E. Gubbins and C.G. Joslin and C.G. Gray},
	year         = 1986,
	month        = oct,
	journal      = {Fluid Phase Equilibria},
	publisher    = {Elsevier {BV}},
	volume       = 29,
	pages        = {337--346},
	doi          = {10.1016/0378-3812(86)85033-6},
	url          = {https://doi.org/10.1016/0378-3812(86)85033-6}
}
@article{Constantinescu2016,
	title        = {Further Development of Modified {UNIFAC} (Dortmund): Revision and Extension 6},
	author       = {Dana Constantinescu and J\"{u}rgen Gmehling},
	year         = 2016,
	month        = may,
	journal      = {Journal of Chemical {\&}amp Engineering Data},
	publisher    = {American Chemical Society ({ACS})},
	volume       = 61,
	number       = 8,
	pages        = {2738--2748},
	doi          = {10.1021/acs.jced.6b00136},
	url          = {https://doi.org/10.1021/acs.jced.6b00136}
}
@article{Fingerhut2017,
	title        = {Comprehensive Assessment of {COSMO}-{SAC} Models for Predictions of Fluid-Phase Equilibria},
	author       = {Robin Fingerhut and Wei-Lin Chen and Andre Schedemann and Wilfried Cordes and J\"{u}rgen Rarey and Chieh-Ming Hsieh and Jadran Vrabec and Shiang-Tai Lin},
	year         = 2017,
	month        = aug,
	journal      = {Industrial {\&}ampEngineering Chemistry Research},
	publisher    = {American Chemical Society ({ACS})},
	volume       = 56,
	number       = 35,
	pages        = {9868--9884},
	doi          = {10.1021/acs.iecr.7b01360},
	url          = {https://doi.org/10.1021/acs.iecr.7b01360}
}
@article{Qin2022,
	title        = {Capturing Molecular Interactions in Graph Neural Networks: A Case Study in Multi-Component Phase Equilibrium},
	author       = {Shiyi Qin and Shengli Jiang and Jianping Li and Prasanna Balaprakash and Reid Van Lehn and Victor Zavala},
	year         = 2022,
	month        = may,
	publisher    = {American Chemical Society ({ACS})},
	doi          = {10.26434/chemrxiv-2022-3tq4c},
	url          = {https://doi.org/10.26434/chemrxiv-2022-3tq4c}
}
@misc{Rittig2022,
	title        = {Graph Neural Networks for Temperature-Dependent Activity Coefficient Prediction of Solutes in Ionic Liquids},
	author       = {Jan G. Rittig and Karim Ben Hicham and Artur M. Schweidtmann and Manuel Dahmen and Alexander Mitsos},
	year         = 2022,
	eprint       = {arXiv:2206.11776}
}
@article{SanchezMedina2022,
	title        = {Graph neural networks for the prediction of infinite dilution activity coefficients},
	author       = {Edgar Ivan Sanchez Medina and Steffen Linke and Martin Stoll and Kai Sundmacher},
	year         = 2022,
	journal      = {Digital Discovery},
	publisher    = {Royal Society of Chemistry ({RSC})},
	volume       = 1,
	number       = 3,
	pages        = {216--225},
	doi          = {10.1039/d1dd00037c},
	url          = {https://doi.org/10.1039/d1dd00037c}
}
@misc{Felton2022,
	title        = {DeepGamma: A deep learning model for activity coefficient prediction},
	author       = {Kobi C Felton and Hashem Ben-Safar and Alexei Lpakin},
	year         = 2022,
	journal      = {1st Annual AAAI Workshop on AI to Accelerate Science and Engineering (AI2ASE)}
}
@article{Abbasi2020,
	title        = {Estimation of {PC}-{SAFT} binary interaction coefficient by artificial neural network for multicomponent phase equilibrium calculations},
	author       = {Fateme Abbasi and Zeinab Abbasi and Ramin Bozorgmehry Boozarjomehry},
	year         = 2020,
	month        = apr,
	journal      = {Fluid Phase Equilibria},
	publisher    = {Elsevier {BV}},
	volume       = 510,
	pages        = 112486,
	doi          = {10.1016/j.fluid.2020.112486},
	url          = {https://doi.org/10.1016/j.fluid.2020.112486}
}
@article{Madani2021,
	title        = {Modeling of nitrogen solubility in normal alkanes using machine learning methods compared with cubic and {PC}-{SAFT} equations of state},
	author       = {Seyed Ali Madani and Mohammad-Reza Mohammadi and Saeid Atashrouz and Ali Abedi and Abdolhossein Hemmati-Sarapardeh and Ahmad Mohaddespour},
	year         = 2021,
	month        = dec,
	journal      = {Scientific Reports},
	publisher    = {Springer Science and Business Media {LLC}},
	volume       = 11,
	number       = 1,
	doi          = {10.1038/s41598-021-03643-8},
	url          = {https://doi.org/10.1038/s41598-021-03643-8}
}
@article{Abdallahelhadj2022,
	title        = {{AI}-{PCSAFT} approach: New high predictive method for estimating {PC}-{SAFT} pure component properties and phase equilibria parameters},
	author       = {A. Abdallah el hadj and M. Laidi and S. Hanini},
	year         = 2022,
	month        = apr,
	journal      = {Fluid Phase Equilibria},
	publisher    = {Elsevier {BV}},
	volume       = 555,
	pages        = 113297,
	doi          = {10.1016/j.fluid.2021.113297},
	url          = {https://doi.org/10.1016/j.fluid.2021.113297}
}
@article{Kaminski2020,
	title        = {{SEPP}: Segment-Based Equation of State Parameter Prediction},
	author       = {Sebastian Kaminski and Kai Leonhard},
	year         = 2020,
	month        = dec,
	journal      = {Journal of Chemical {\&}amp Engineering Data},
	publisher    = {American Chemical Society ({ACS})},
	volume       = 65,
	number       = 12,
	pages        = {5830--5843},
	doi          = {10.1021/acs.jced.0c00733},
	url          = {https://doi.org/10.1021/acs.jced.0c00733}
}
@article{Kaminski2016,
	title        = {The trade-off between experimental effort and accuracy for determination of {PCP}-{SAFT} parameters},
	author       = {Sebastian Kaminski and Andr{\'{e}} Bardow and Kai Leonhard},
	year         = 2016,
	month        = nov,
	journal      = {Fluid Phase Equilibria},
	publisher    = {Elsevier {BV}},
	volume       = 428,
	pages        = {182--189},
	doi          = {10.1016/j.fluid.2016.06.004},
	url          = {https://doi.org/10.1016/j.fluid.2016.06.004}
}
@article{Jaubert2020,
	title        = {Benchmark Database Containing Binary-System-High-Quality-Certified Data for Cross-Comparing Thermodynamic Models and Assessing Their Accuracy},
	author       = {Jean-Noël Jaubert and Yohann Le Guennec and Andr{\'{e}}s Pi{\~{n}}a-Martinez and Nicolas Ramirez-Velez and Silvia Lasala and Bastian Schmid and Ilias K. Nikolaidis and Ioannis G. Economou and Romain Privat},
	year         = 2020,
	month        = jul,
	journal      = {Industrial {\&}ampEngineering Chemistry Research},
	publisher    = {American Chemical Society ({ACS})},
	volume       = 59,
	number       = 33,
	pages        = {14981--15027},
	doi          = {10.1021/acs.iecr.0c01734},
	url          = {https://doi.org/10.1021/acs.iecr.0c01734}
}
@article{Breiman2001,
	author       = {Leo Breiman},
	year         = 2001,
	journal      = {Machine Learning},
	publisher    = {Springer Science and Business Media {LLC}},
	volume       = 45,
	number       = 1,
	pages        = {5--32},
	doi          = {10.1023/a:1010933404324},
	url          = {https://doi.org/10.1023/a:1010933404324}
}
@article{Wellawatte.2022,
	title        = {Model agnostic generation of counterfactual explanations for molecules},
	author       = {Wellawatte, Geemi P. and Seshadri, Aditi and White, Andrew D.},
	year         = 2022,
	journal      = {Chemical Science},
	volume       = 13,
	number       = 13,
	pages        = {3697--3705},
	doi          = {10.1039/D1SC05259D},
	issn         = {2041-6520}
}
% This file was created with Citavi 6.14.0.0
@article{Bajusz.2015,
	title        = {Why is Tanimoto index an appropriate choice for fingerprint-based similarity calculations?},
	author       = {Bajusz, D{\'a}vid and R{\'a}cz, Anita and H{\'e}berger, K{\'a}roly},
	year         = 2015,
	journal      = {Journal of Cheminformatics},
	volume       = 7,
	pages        = 20,
	doi          = {10.1186/s13321-015-0069-3},
	issn         = {1758-2946}
}
@bibliography{Tanimoto1958,
	title        = {Elementary mathematical theory of classification and prediction},
	author       = {Tanimoto, T. T.},
	year         = 1958,
	publisher    = {International Business Machines Corp.}
}
@article{Winter2022,
	title        = {A smile is all you need: predicting limiting activity coefficients from {SMILES} with natural language processing},
	author       = {Benedikt Winter and Clemens Winter and Johannes Schilling and Andr{\'{e}} Bardow},
	year         = 2022,
	journal      = {Digital Discovery},
	publisher    = {Royal Society of Chemistry ({RSC})},
	doi          = {10.1039/d2dd00058j},
	url          = {https://doi.org/10.1039/d2dd00058j}
}
@phdthesis{Kaminski2019,
	title        = {Quantum-mechanics-based Prediction of SAFT Parameters for Non-associating and Associating Molecules Containing Carbon, Hydrogen, Oxygen, and Nitrogen},
	author       = {Sebastian Kaminski},
	year         = 2019,
	school       = {RWTH Aachen}
}
@article{Habicht2023,
	title        = {Predicting {PC}-{SAFT} pure-component parameters by machine learning using a molecular fingerprint as key input},
	author       = {Jonas Habicht and Christoph Brandenbusch and Gabriele Sadowski},
	year         = 2023,
	month        = feb,
	journal      = {Fluid Phase Equilibria},
	publisher    = {Elsevier {BV}},
	volume       = 565,
	pages        = 113657,
	doi          = {10.1016/j.fluid.2022.113657},
	url          = {https://doi.org/10.1016/j.fluid.2022.113657}
}
@article{Qin2023,
	title        = {Capturing molecular interactions in graph neural networks: a case study in multi-component phase equilibrium},
	author       = {Shiyi Qin and Shengli Jiang and Jianping Li and Prasanna Balaprakash and Reid C. Van Lehn and Victor M. Zavala},
	year         = 2023,
	journal      = {Digital Discovery},
	publisher    = {Royal Society of Chemistry ({RSC})},
	volume       = 2,
	number       = 1,
	pages        = {138--151},
	doi          = {10.1039/d2dd00045h},
	url          = {https://doi.org/10.1039/d2dd00045h}
}
@article{Rittig2023,
	title        = {Graph neural networks for temperature-dependent activity coefficient prediction of solutes in ionic liquids},
	author       = {Rittig, Jan G. and {Ben Hicham}, Karim and Schweidtmann, Artur M. and Dahmen, Manuel and Mitsos, Alexander},
	year         = 2023,
	journal      = {Computers and Chemical Engineering},
	volume       = 171,
	pages        = 108153,
	doi          = {10.1016/j.compchemeng.2023.108153},
	issn         = {00981354},
	url          = {https://doi.org/10.1016/j.compchemeng.2023.108153}
}
% This file was created with Citavi 6.14.0.0
@inproceedings{Schutt2021,
	title        = {Equivariant message passing for the prediction of tensorial properties and molecular spectra},
	author       = {Sch{\"u}tt, Kristof and Unke, Oliver and Gastegger, Michael},
	year         = 2021,
	month        = jul,
	booktitle    = {Proceedings of the 38th International Conference on Machine Learning},
	publisher    = {PMLR},
	series       = {Proceedings of Machine Learning Research},
	volume       = 139,
	pages        = {9377--9388},
	url          = {https://proceedings.mlr.press/v139/schutt21a.html},
	editor       = {Meila, Marina and Zhang, Tong},
	pdf          = {http://proceedings.mlr.press/v139/schutt21a/schutt21a.pdf}
}
@article{Cripwell2017,
	title        = {Polar (s){PC}-{SAFT}: Modelling of polar structural isomers and identification of the systematic nature of regression issues},
	author       = {Jamie T. Cripwell and Cara E. Schwarz and Andries J. Burger},
	year         = 2017,
	month        = oct,
	journal      = {Fluid Phase Equilibria},
	publisher    = {Elsevier {BV}},
	volume       = 449,
	pages        = {156--166},
	doi          = {10.1016/j.fluid.2017.06.027},
	url          = {https://doi.org/10.1016/j.fluid.2017.06.027}
}
@article{deVilliers2011,
	title        = {Improving vapour{\textendash}liquid-equilibria predictions for mixtures with non-associating polar components using {sPC}-{SAFT} extended with two dipolar terms},
	author       = {A.J. de Villiers and C.E. Schwarz and A.J. Burger},
	year         = 2011,
	month        = jun,
	journal      = {Fluid Phase Equilibria},
	publisher    = {Elsevier {BV}},
	volume       = 305,
	number       = 2,
	pages        = {174--184},
	doi          = {10.1016/j.fluid.2011.03.025},
	url          = {https://doi.org/10.1016/j.fluid.2011.03.025}
}
@misc{rdkit,
	title        = {rdkit/rdkit: 2022\_09\_5 (Q3 2022) Release},
	author       = {Greg Landrum and Paolo Tosco and Brian Kelley and Ric and sriniker and gedeck and David Cosgrove and Riccardo Vianello and NadineSchneider and Eisuke Kawashima and Dan N and Andrew Dalke and Gareth Jones and Brian Cole and Matt Swain and Samo Turk and AlexanderSavelyev and Alain Vaucher and Maciej Wójcikowski and Ichiru Take and Daniel Probst and Vincent F. Scalfani and Kazuya Ujihara and guillaume godin and Axel Pahl and Francois Berenger and JLVarjo and jasondbiggs and strets123 and JP},
	year         = 2023,
	month        = feb,
	publisher    = {Zenodo},
	doi          = {10.5281/zenodo.7671152},
	url          = {https://doi.org/10.5281/zenodo.7671152},
	version      = {Release\_2022\_09\_5}
}
@misc{lmfit,
	title        = {lmfit/lmfit-py: 1.1.0},
	author       = {Matt Newville and Renee Otten and Andrew Nelson and Till Stensitzki and Antonino Ingargiola and Dan Allan and Austin Fox and Faustin Carter and Michał and Ray Osborn and Dima Pustakhod and lneuhaus and Sebastian Weigand and Andrey Aristov and Glenn and Christoph Deil and Mark and Allan L. R. Hansen and Gustavo Pasquevich and Leon Foks and Nicholas Zobrist and Oliver Frost and Stuermer and azelcer and Anthony Polloreno and Arun Persaud and Jens Hedegaard Nielsen and Matteo Pompili and Shane Caldwell and Anselm Hahn},
	year         = 2022,
	month        = nov,
	publisher    = {Zenodo},
	doi          = {10.5281/zenodo.7370358},
	url          = {https://doi.org/10.5281/zenodo.7370358},
	version      = {1.1.0}
}
@article{Ramakrishnan2014,
	title        = {Quantum chemistry structures and properties of 134 kilo molecules},
	author       = {Raghunathan Ramakrishnan and Pavlo O. Dral and Matthias Rupp and O. Anatole von Lilienfeld},
	year         = 2014,
	month        = aug,
	journal      = {Scientific Data},
	publisher    = {Springer Science and Business Media {LLC}},
	volume       = 1,
	number       = 1,
	doi          = {10.1038/sdata.2014.22},
	url          = {https://doi.org/10.1038/sdata.2014.22}
}
@book{CRC2014,
	title        = {{CRC} Handbook of Chemistry and Physics},
	year         = 2014,
	month        = jun,
	publisher    = {{CRC} Press},
	doi          = {10.1201/b17118},
	url          = {https://doi.org/10.1201/b17118},
	editor       = {William M. Haynes}
}
@article{Wang2020,
	title        = {Improving Conformer Generation for Small Rings and Macrocycles Based on Distance Geometry and Experimental Torsional-Angle Preferences},
	author       = {Shuzhe Wang and Jagna Witek and Gregory A. Landrum and Sereina Riniker},
	year         = 2020,
	month        = mar,
	journal      = {Journal of Chemical Information and Modeling},
	publisher    = {American Chemical Society ({ACS})},
	volume       = 60,
	number       = 4,
	pages        = {2044--2058},
	doi          = {10.1021/acs.jcim.0c00025},
	url          = {https://doi.org/10.1021/acs.jcim.0c00025}
}
@article{Sauer2014,
	title        = {Comparison between a Homo- and a Heterosegmented Group Contribution Approach Based on the Perturbed-Chain Polar Statistical Associating Fluid Theory Equation of State},
	author       = {Elmar Sauer and Marina Stavrou and Joachim Gross},
	year         = 2014,
	month        = sep,
	journal      = {Industrial and Engineering Chemistry Research},
	publisher    = {American Chemical Society ({ACS})},
	volume       = 53,
	number       = 38,
	pages        = {14854--14864},
	doi          = {10.1021/ie502203w},
	url          = {https://doi.org/10.1021/ie502203w}
}
@misc{thermopython,
	title        = {Thermo: Chemical properties component of Chemical Engineering Design Library (ChEDL)},
	author       = {{Caleb Bell and Contributors }},
	url          = {https://github.com/CalebBell/thermo},
	date         = {2023-03-11}
}
@misc{purapython,
	title        = {Pura: Software for cleaning chemical data quickly},
	author       = {{Kobi Felton and Contributors}},
	url          = {https://github.com/sustainable-processes/pura},
	version      = {0.2.4},
	date         = {2023-03-11}
}
@misc{dortmunddatabank,
	title        = {Dortmund databank},
	year         = 2022,
	month        = mar,
	url          = {www.ddbst.com}
}
@article{Ruggeri2016,
	title        = {Technical Note: Development of chemoinformatic tools to enumerate functional groups in molecules for organic aerosol characterization},
	author       = {Giulia Ruggeri and Satoshi Takahama},
	year         = 2016,
	month        = apr,
	journal      = {Atmospheric Chemistry and Physics},
	publisher    = {Copernicus {GmbH}},
	volume       = 16,
	number       = 7,
	pages        = {4401--4422},
	doi          = {10.5194/acp-16-4401-2016},
	url          = {https://doi.org/10.5194/2Facp-16-4401-2016}
}
@article{Rehner2023,
	title        = {FeOs: An Open-Source Framework for Equations of State and Classical Density Functional Theory},
	author       = {Philipp Rehner and Gernot Bauer and Joachim Gross},
	year         = 2023,
	journal      = {Industrial and Engineering Chemistry Research},
	publisher    = {American Chemical Society ({ACS})},
	doi          = {10.1021/acs.iecr.2c04561},
	url          = {https://doi.org/10.1021/acs.iecr.2c04561}
}
@article{Fitzner2020,
	title        = {What can reaction databases teach us about Buchwald{\textendash}Hartwig cross-couplings?},
	author       = {Martin Fitzner and Georg Wuitschik and Raffael J. Koller and Jean-Michel Adam and Torsten Schindler and Jean-Louis Reymond},
	year         = 2020,
	journal      = {Chemical Science},
	publisher    = {Royal Society of Chemistry ({RSC})},
	volume       = 11,
	number       = 48,
	pages        = {13085--13093},
	doi          = {10.1039/d0  sc04074f},
	url          = {https://doi.org/10.1039/d0 sc04074f}
}
@article{Gao2018,
	title        = {Using Machine Learning To Predict Suitable Conditions for Organic Reactions},
	author       = {Hanyu Gao and Thomas J. Struble and Connor W. Coley and Yuran Wang and William H. Green and Klavs F. Jensen},
	year         = 2018,
	month        = nov,
	journal      = {{ACS} Central Science},
	publisher    = {American Chemical Society ({ACS})},
	volume       = 4,
	number       = 11,
	pages        = {1465--1476},
	doi          = {10.1021/acscentsci.8b00357},
	url          = {https://doi.org/10.1021/acscentsci.8b00357}
}
@article{McInnes2018,
	title        = {UMAP: Uniform Manifold Approximation and Projection},
	author       = {McInnes, Leland and Healy, John and Saul, Nathaniel and Grossberger, Lukas},
	year         = 2018,
	journal      = {The Journal of Open Source Software},
	volume       = 3,
	number       = 29,
	pages        = 861
}
@article{scikit-learn,
	title        = {Scikit-learn: Machine Learning in {P}ython},
	author       = {Pedregosa, F. and Varoquaux, G. and Gramfort, A. and Michel, V. and Thirion, B. and Grisel, O. and Blondel, M. and Prettenhofer, P. and Weiss, R. and Dubourg, V. and Vanderplas, J. and Passos, A. and Cournapeau, D. and Brucher, M. and Perrot, M. and Duchesnay, E.},
	year         = 2011,
	journal      = {Journal of Machine Learning Research},
	volume       = 12,
	pages        = {2825--2830}
}
@inproceedings{MacQueen1967,
	title        = {Classification and analysis of multivariate observations},
	author       = {MacQueen, J},
	year         = 1967,
	booktitle    = {5th Berkeley Symp. Math. Statist. Probability},
	pages        = {281--297},
	organization = {University of California Los Angeles LA USA}
}
@article{Iwanaga2022,
	title        = {Toward {SALib} 2.0: {Advancing} the accessibility and interpretability of global sensitivity analyses},
	author       = {Iwanaga, Takuya and Usher, William and Herman, Jonathan},
	year         = 2022,
	month        = may,
	journal      = {Socio-Environmental Systems Modelling},
	volume       = 4,
	pages        = 18155,
	doi          = {10.18174/sesmo.18155},
	url          = {https://sesmo.org/article/view/18155}
}
@misc{Rittig2022_GNNBook,
	title        = {Graph neural networks for the prediction of molecular structure-property relationships},
	author       = {Rittig, Jan G. and Gao, Qinghe and Dahmen, Manuel and Mitsos, Alexander and Schweidtmann, Artur M.},
	year         = 2022,
	howpublished = {arXiv preprint arXiv:2208.04852}
}
@article{Schweidtmann2023,
	title        = {Physical pooling functions in graph neural networks for molecular property prediction},
	author       = {Schweidtmann, Artur M. and Rittig, Jan G. and Weber, Jana M. and Grohe, Martin and Dahmen, Manuel and Leonhard, Kai and Mitsos, Alexander},
	year         = 2023,
	journal      = {Computers and Chemical Engineering},
	volume       = 172,
	pages        = 108202,
	doi          = {10.1016/j.compchemeng.2023.108202},
	issn         = {00981354}
}
@misc{Xu2018,
	title        = {How Powerful are Graph Neural Networks?},
	author       = {Xu, Keyulu and Hu, Weihua and Leskovec, Jure and Jegelka, Stefanie},
	year         = 2018,
	date         = {01.10.2018},
	howpublished = {arXiv preprint arXiv:1810.00826v3}
}
@misc{Hu2019,
	title        = {Strategies for Pre-training Graph Neural Networks},
	author       = {Hu, Weihua and Liu, Bowen and Gomes, Joseph and Zitnik, Marinka and Liang, Percy and Pande, Vijay and Leskovec, Jure},
	year         = 2019,
	date         = {29.05.2019},
	howpublished = {arXiv preprint arXiv:1905.12265v3}
}
@article{Reiser2022,
	title        = {Graph neural networks for materials science and chemistry},
	author       = {Reiser, Patrick and Neubert, Marlen and Eberhard, Andr{\'e} and Torresi, Luca and Zhou, Chen and Shao, Chen and Metni, Houssam and {van Hoesel}, Clint and Schopmans, Henrik and Sommer, Timo and Friederich, Pascal},
	year         = 2022,
	journal      = {Communications materials},
	volume       = 3,
	number       = 1,
	pages        = 93,
	doi          = {10.1038/s43246-022-00315-6}
}
@article{Kingma2015,
	title        = {3rd International Conference on Learning Representations},
	author       = {Kingma, Diederik P and Ba, Jimmy and Bengio, Y and LeCun, Y},
	year         = 2015,
	journal      = {ICLR, San Diego}
}
@article{Bosquet2017,
	title        = {Critical Hyper-Parameters: No Random, No Cry},
	author       = {Olivier Bousquet and Sylvain Gelly and Karol Kurach and Olivier Teytaud and Damien Vincent},
	year         = 2017,
	eprint       = {arXiv:1706.03200}
}
@article{Fey2019,
	title        = {Fast Graph Representation Learning with {PyTorch Geometric}},
	author       = {Fey, Matthias and Lenssen, Jan E.},
	year         = 2019,
	booktitle    = {ICLR Workshop on Representation Learning on Graphs and Manifolds}
}
@article{Klajmon2020,
	title        = {Investigating Various Parametrization Strategies for Pharmaceuticals within the {PC}-{SAFT} Equation of State},
	author       = {Martin Klajmon},
	year         = 2020,
	month        = sep,
	journal      = {Journal of Chemical and Engineering Data},
	publisher    = {American Chemical Society ({ACS})},
	volume       = 65,
	number       = 12,
	pages        = {5753--5767},
	doi          = {10.1021/acs.jced.0c00707},
	url          = {https://doi.org/10.1021/acs.jced.0c00707}
}
@article{Kim2020,
	title        = {{PubChem in 2021: new data content and improved web interfaces}},
	author       = {Kim, Sunghwan and Chen, Jie and Cheng, Tiejun and Gindulyte, Asta and He, Jia and He, Siqian and Li, Qingliang and Shoemaker, Benjamin A and Thiessen, Paul A and Yu, Bo and Zaslavsky, Leonid and Zhang, Jian and Bolton, Evan E},
	year         = 2020,
	month        = 11,
	journal      = {Nucleic Acids Research},
	volume       = 49,
	number       = {D1},
	pages        = {D1388-D1395},
	doi          = {10.1093/nar/gkaa971}
}
@misc{commonchem,
	title        = {Common Chemistry},
	author       = {{American Chemical Society}},
	url          = {https://commonchemistry.cas.org}
}
@article{Lowe2011,
	title        = {Chemical Name to Structure: {OPSIN},  an Open Source Solution},
	author       = {Daniel M. Lowe and Peter T. Corbett and Peter Murray-Rust and Robert C. Glen},
	year         = 2011,
	month        = mar,
	journal      = {Journal of Chemical Information and Modeling},
	publisher    = {American Chemical Society ({ACS})},
	volume       = 51,
	number       = 3,
	pages        = {739--753},
	doi          = {10.1021/ci100384d},
	url          = {https://doi.org/10.1021/ci100384d}
}
@misc{cir,
	title        = {Chemical Identifier Resolver},
	author       = {NCI/CADD},
	url          = {{cactus.nci.nih.gov/chemical/structure}}
}
@article{Matsukawa2021,
	title        = {Estimation of pure component parameters of {PC}-{SAFT} {EoS} by an artificial neural network based on a group contribution method},
	author       = {Hiroaki Matsukawa and Masayuki Kitahara and Katsuto Otake},
	year         = 2021,
	month        = nov,
	journal      = {Fluid Phase Equilibria},
	publisher    = {Elsevier {BV}},
	volume       = 548,
	pages        = 113179,
	doi          = {10.1016/j.fluid.2021.113179},
	url          = {https://doi.org/10.1016/j.fluid.2021.113179}
}
@article{Fabry2016,
	title        = {Online monitoring and analysis for autonomous continuous flow self-optimizing reactor systems},
	author       = {D. C. Fabry and E. Sugiono and M. Rueping},
	year         = 2016,
	journal      = {Reaction Chemistry {\&}ampEngineering},
	publisher    = {Royal Society of Chemistry ({RSC})},
	volume       = 1,
	number       = 2,
	pages        = {129--133},
	doi          = {10.1039/c5re00038f},
	url          = {https://doi.org/10.1039/c5re00038f}
}
@article{Angello2022,
	title        = {Closed-loop optimization of general reaction conditions for heteroaryl Suzuki-Miyaura coupling},
	author       = {Nicholas H. Angello and Vandana Rathore and Wiktor Beker and Agnieszka Wo{\l}os and Edward R. Jira and Rafa{\l} Roszak and Tony C. Wu and Charles M. Schroeder and Al{\'{a}}n Aspuru-Guzik and Bartosz A. Grzybowski and Martin D. Burke},
	year         = 2022,
	month        = oct,
	journal      = {Science},
	publisher    = {American Association for the Advancement of Science ({AAAS})},
	volume       = 378,
	number       = 6618,
	pages        = {399--405},
	doi          = {10.1126/science.adc8743},
	url          = {https://doi.org/10.1126/science.adc8743}
}
@article{Kershaw2023,
	title        = {Machine learning directed multi-objective optimization of mixed variable chemical systems},
	author       = {Oliver J. Kershaw and Adam D. Clayton and Jamie A. Manson and Alexandre Barthelme and John Pavey and Philip Peach and Jason Mustakis and Roger M. Howard and Thomas W. Chamberlain and Nicholas J. Warren and Richard A. Bourne},
	year         = 2023,
	month        = jan,
	journal      = {Chemical Engineering Journal},
	publisher    = {Elsevier {BV}},
	volume       = 451,
	pages        = 138443,
	doi          = {10.1016/j.cej.2022.138443},
	url          = {https://doi.org/10.1016/j.cej.2022.138443}
}
@article{Letham2019,
	title        = {Constrained Bayesian Optimization with Noisy Experiments},
	author       = {Benjamin Letham and Brian Karrer and Guilherme Ottoni and Eytan Bakshy},
	year         = 2019,
	month        = jun,
	journal      = {Bayesian Analysis},
	publisher    = {Institute of Mathematical Statistics},
	volume       = 14,
	number       = 2,
	doi          = {10.1214/18-ba1110},
	url          = {https://doi.org/10.1214/18-ba1110}
}
@inproceedings{Balandat2020,
	title        = {BoTorch: A Framework for Efficient Monte-Carlo Bayesian Optimization},
	author       = {Balandat, Maximilian and Karrer, Brian and Jiang, Daniel and Daulton, Samuel and Letham, Ben and Wilson, Andrew G and Bakshy, Eytan},
	year         = 2020,
	booktitle    = {Advances in Neural Information Processing Systems},
	publisher    = {Curran Associates, Inc.},
	volume       = 33,
	pages        = {21524--21538},
	url          = {https://proceedings.neurips.cc/paper_files/paper/2020/file/f5b1b89d98b7286673128a5fb112cb9a-Paper.pdf},
	editor       = {H. Larochelle and M. Ranzato and R. Hadsell and M.F. Balcan and H. Lin}
}
@article{Christensen2020,
	title        = {{Data-science driven autonomous process optimization}},
	author       = {Christensen, Melodie and Yunker, Lars and Adedeji, Folarin and H{\ifmmode\ddot{a}\else\"{a}\fi}se, Florian and Roch, Loic and Gensch, Tobias and dos Passos Gomes, Gabriel and Zepel, Tara and Sigman, Matthew and Aspuru-Guzik, Alan and Hein, Jason},
	year         = 2020,
	month        = {Nov},
	journal      = {ChemRxiv},
	publisher    = {ChemRxiv},
	doi          = {10.26434/chemrxiv.13146404.v2}
}
@article{Fujimoto2022,
	title        = {Controller tuning with Bayesian optimization and its acceleration: Concept and experimental validation},
	author       = {Yusuke Fujimoto and Hiroki Sato and Masaaki Nagahara},
	year         = 2022,
	month        = may,
	journal      = {Asian Journal of Control},
	publisher    = {Wiley},
	doi          = {10.1002/asjc.2847},
	url          = {https://doi.org/10.1002/asjc.2847}
}
@misc{Brunzema2022,
	title        = {On Controller Tuning with Time-Varying Bayesian Optimization},
	author       = {Brunzema,  Paul and von Rohr,  Alexander and Trimpe,  Sebastian},
	year         = 2022,
	publisher    = {arXiv},
	doi          = {10.48550/ARXIV.2207.11120},
	url          = {https://arxiv.org/abs/2207.11120},
	copyright    = {arXiv.org perpetual,  non-exclusive license},
	keywords     = {Machine Learning (cs.LG),  Systems and Control (eess.SY),  FOS: Computer and information sciences,  FOS: Computer and information sciences,  FOS: Electrical engineering,  electronic engineering,  information engineering,  FOS: Electrical engineering,  electronic engineering,  information engineering}
}
@misc{Konig2020,
	title        = {Safety-Aware Cascade Controller Tuning Using Constrained Bayesian Optimization},
	author       = {K\"{o}nig,  Christopher and Khosravi,  Mohammad and Maier,  Markus and Smith,  Roy S. and Rupenyan,  Alisa and Lygeros,  John},
	year         = 2020,
	publisher    = {arXiv},
	doi          = {10.48550/ARXIV.2010.15211},
	url          = {https://arxiv.org/abs/2010.15211},
	copyright    = {arXiv.org perpetual,  non-exclusive license},
	keywords     = {Systems and Control (eess.SY),  FOS: Electrical engineering,  electronic engineering,  information engineering,  FOS: Electrical engineering,  electronic engineering,  information engineering}
}
@misc{Khosravi2020,
	title        = {Cascade Control: Data-Driven Tuning Approach Based on Bayesian Optimization},
	author       = {Khosravi,  Mohammad and Behrunani,  Varsha and Smith,  Roy S. and Rupenyan,  Alisa and Lygeros,  John},
	year         = 2020,
	publisher    = {arXiv},
	doi          = {10.48550/ARXIV.2005.03970},
	url          = {https://arxiv.org/abs/2005.03970},
	copyright    = {arXiv.org perpetual,  non-exclusive license},
	keywords     = {Systems and Control (eess.SY),  FOS: Electrical engineering,  electronic engineering,  information engineering,  FOS: Electrical engineering,  electronic engineering,  information engineering}
}
@misc{Fiducioso2019,
	title        = {Safe Contextual Bayesian Optimization for Sustainable Room Temperature PID Control Tuning},
	author       = {Fiducioso,  Marcello and Curi,  Sebastian and Schumacher,  Benedikt and Gwerder,  Markus and Krause,  Andreas},
	year         = 2019,
	publisher    = {arXiv},
	doi          = {10.48550/ARXIV.1906.12086},
	url          = {https://arxiv.org/abs/1906.12086},
	copyright    = {arXiv.org perpetual,  non-exclusive license},
	keywords     = {Machine Learning (cs.LG),  Systems and Control (eess.SY),  Machine Learning (stat.ML),  FOS: Computer and information sciences,  FOS: Computer and information sciences,  FOS: Electrical engineering,  electronic engineering,  information engineering,  FOS: Electrical engineering,  electronic engineering,  information engineering}
}
@article{NeumannBrosig2020,
	title        = {Data-Efficient Autotuning With Bayesian Optimization: An Industrial Control Study},
	author       = {Matthias Neumann-Brosig and Alonso Marco and Dieter Schwarzmann and Sebastian Trimpe},
	year         = 2020,
	month        = may,
	journal      = {{IEEE} Transactions on Control Systems Technology},
	publisher    = {Institute of Electrical and Electronics Engineers ({IEEE})},
	volume       = 28,
	number       = 3,
	pages        = {730--740},
	doi          = {10.1109/tcst.2018.2886159},
	url          = {https://doi.org/10.1109/tcst.2018.2886159}
}
@phdthesis{Diehl2001,
	title        = {Real-Time Optimization for Large Scale Nonlinear Processes},
	author       = {Moritz Diehl},
	year         = 2001,
	doi          = {10.11588/HEIDOK.00001659},
	school       = {Heidelberg University}
}
@article{Safdarnejad2016,
	title        = {Dynamic parameter estimation and optimization for batch distillation},
	author       = {Seyed Mostafa Safdarnejad and Jonathan R. Gallacher and John D. Hedengren},
	year         = 2016,
	month        = mar,
	journal      = {Computers {\&}amp$\mathsemicolon$ Chemical Engineering},
	publisher    = {Elsevier {BV}},
	volume       = 86,
	pages        = {18--32},
	doi          = {10.1016/j.compchemeng.2015.12.001},
	url          = {https://doi.org/10.1016/j.compchemeng.2015.12.001}
}
@article{Khosravi2022,
	title        = {Performance-Driven Cascade Controller Tuning With Bayesian Optimization},
	author       = {Mohammad Khosravi and Varsha N. Behrunani and Piotr Myszkorowski and Roy S. Smith and Alisa Rupenyan and John Lygeros},
	year         = 2022,
	month        = jan,
	journal      = {{IEEE} Transactions on Industrial Electronics},
	publisher    = {Institute of Electrical and Electronics Engineers ({IEEE})},
	volume       = 69,
	number       = 1,
	pages        = {1032--1042},
	doi          = {10.1109/tie.2021.3050356},
	url          = {https://doi.org/10.1109/tie.2021.3050356}
}
@article{Schwaller2019,
  doi = {10.1021/acscentsci.9b00576},
  url = {https://doi.org/10.1021/acscentsci.9b00576},
  year = {2019},
  month = aug,
  publisher = {American Chemical Society ({ACS})},
  volume = {5},
  number = {9},
  pages = {1572--1583},
  author = {Philippe Schwaller and Teodoro Laino and Th{\'{e}}ophile Gaudin and Peter Bolgar and Christopher A. Hunter and Costas Bekas and Alpha A. Lee},
  title = {Molecular Transformer: A Model for Uncertainty-Calibrated Chemical Reaction Prediction},
  journal = {{ACS} Central Science}
}
@article{Schwaller2021,
  doi = {10.1126/sciadv.abe4166},
  url = {https://doi.org/10.1126/sciadv.abe4166},
  year = {2021},
  month = apr,
  publisher = {American Association for the Advancement of Science ({AAAS})},
  volume = {7},
  number = {15},
  author = {Philippe Schwaller and Benjamin Hoover and Jean-Louis Reymond and Hendrik Strobelt and Teodoro Laino},
  title = {Extraction of organic chemistry grammar from unsupervised learning of chemical reactions},
  journal = {Science Advances}
}
@article{Weininger1988,
  doi = {10.1021/ci00057a005},
  url = {https://doi.org/10.1021/ci00057a005},
  year = {1988},
  month = feb,
  publisher = {American Chemical Society ({ACS})},
  volume = {28},
  number = {1},
  pages = {31--36},
  author = {David Weininger},
  title = {{SMILES},  a chemical language and information system. 1. Introduction to methodology and encoding rules},
  journal = {Journal of Chemical Information and Computer Sciences}
}