% This file was created with JabRef 2.8.1.
% Encoding: Cp1252

@article{Felton2021,
  doi = {10.1002/cmtd.202000051},
  url = {https://doi.org/10.1002/cmtd.202000051},
  year = {2021},
  month = feb,
  publisher = {Wiley},
  volume = {1},
  number = {2},
  pages = {116--122},
  author = {Kobi C. Felton and Jan G. Rittig and Alexei A. Lapkin},
  title = {Summit: Benchmarking Machine Learning Methods for Reaction Optimisation},
  journal = {Chemistry{\textendash}Methods}
}
@article{Felton2020,
  doi = {10.26434/chemrxiv.13250216.v1},
  url = {https://doi.org/10.26434/chemrxiv.13250216.v1},
  year = {2020},
  month = nov,
  publisher = {American Chemical Society ({ACS})},
  author = {Kobi Felton and Daniel Wigh and Alexei Lapkin},
  title = {Multi-task Bayesian Optimization of Chemical Reactions}
  
}
@article{Felton2022,
Author = {Kobi C Felton and Hashem Ben-Safar and Alexei Lapkin},
Title = {DeepGamma: A deep learning model for activity coefficient prediction},
month = {feb},
year = {2022},
journal = {1st Annual AAAI Workshop on AI to Accelerate Science and Engineering
(AI2ASE)}
}
@article{Taylor2023a,
  doi = {10.1021/acs.chemrev.2c00798},
  url = {https://doi.org/10.1021/acs.chemrev.2c00798},
  year = {2023},
  month = feb,
  publisher = {American Chemical Society ({ACS})},
  volume = {123},
  number = {6},
  pages = {3089--3126},
  author = {Connor J. Taylor and Alexander Pomberger and Kobi C. Felton and Rachel Grainger and Magda Barecka and Thomas W. Chamberlain and Richard A. Bourne and Christopher N. Johnson and Alexei A. Lapkin},
  title = {A Brief Introduction to Chemical Reaction Optimization},
  journal = {Chemical Reviews}
}
@article{Taylor2023b,
  doi = {10.1021/acscentsci.3c00050},
  year = {2023},
  month = apr,
  publisher = {American Chemical Society ({ACS})},
  author = {Connor J. Taylor and Kobi C. Felton and Daniel Wigh and Mohammed I. Jeraal and Rachel Grainger and Gianni Chessari and Christopher N. Johnson and Alexei A. Lapkin},
  title = {Accelerated Chemical Reaction Optimization Using Multi-Task Learning},
  journal = {{ACS} Central Science}
}

